3096 4528
700 733 903 823 ...154-

402 895 586 980 transiens,
607 894 681 957 ideo
701 895 929 958 intransitiva
944 891 1074 968 dieitur,
1088 897 1142 954 ut:
1157 890 1214 956 So·

400 997 511 1061 crates
526 997 671 1077 ·onrrit;
691 996 724 1059 in
757 993 995 1059 construetione
1015 1010 1095 1058 vero
1118 995 1214 1057 tran·

400 1097 515 1174 sitiva,
536 1083 758 1184 dependentia,
771 1097 961 1182 posterioria
982 1113 1045 1163 non
1058 1095 1150 1161 vadit
1171 1094 1214 1160 ad

400 1201 554 1285 primum,
575 1200 646 1282 aad,
664 1202 793 1266 transit
823 1201 865 1266 ad
888 1198 978 1264 aliud
1006 1197 1172 1263 diversum
1194 1214 1214 1263 a

400 1300 518 1385 primo,
539 1302 613 1366 idoo
635 1303 822 1366 transitiva
845 1303 964 1367 merito
985 1305 1201 1382 nuncupatio.

485 1403 684 1468 Notandum·
701 1403 850 1479 ulterius,
878 1401 971 1485 quod
1003 1400 1036 1465 in
1068 1404 1215 1465 consim-

399 1504 505 1568 etione
525 1505 753 1568 intransitiva
776 1505 941 1587 posterius
965 1499 1216 1575 construetihile,

401 1604 587 1688 dependens
608 1604 650 1670 ad
673 1606 828 1688 primum,
849 1603 959 1687 atiquo
988 1603 1083 1668 modo
1105 1600 1218 1666 nititur

401 1704 597 1772 identifioari
617 1723 692 1772 cum
714 1723 761 1772 oo.
785 1709 819 1772 lu
840 1707 1080 1773 constructione
1109 1712 1219 1770 autem

402 1810 590 1875 transitiva
612 1808 774 1892 posterius
799 1809 1040 1874 constructibile
1072 1824 1137 1872 non
1165 1807 1219 1871 do

401 1909 528 1991 pendet·
543 1909 585 1972 ed
600 1910 757 1991 primum,
772 1911 830 1973 aed
853 1927 913 1992 per
928 1925 1020 1973 suam
1040 1907 1220 1992 dependen-

402 2006 483 2070 tiam
504 2009 655 2089 aprima
677 2010 841 2086 novatianar
855 2008 967 2090 aliquo
990 2009 1085 2072 modo
1102 2008 1219 2069 nititur

402 2107 617 2172 diversificari
632 2107 675 2172 ab
696 2125 743 2172 oo.
760 2109 801 2171 Et
816 2109 891 2172 inde
911 2097 972 2184 e'st,
986 2107 1074 2190 quod
1092 2105 1218 2189 antiqui

401 2207 616 2274 Grammatiai
644 2208 759 2274 dantes
786 2208 990 2275 definitiones
1011 2207 1220 2273 constructio-

401 2312 453 2376 nis
474 2312 676 2390 transitivae,
697 2317 729 2378 et
761 2313 998 2390 intransitivae,
1019 2311 1140 2377 dabant
1161 2325 1218 2376 aaa
1274 2321 1302 2412 ς

401 2432 463 2498 por
483 2415 588 2492 idem,
609 2421 643 2481 et
664 2415 855 2492 diversum,
877 2415 1032 2492 dicentes,
1061 2413 1219 2479 Gonstvn·
1245 2437 1250 2448 ·
1297 2401 1299 2410 ’

400 2519 549 2583 vanem
571 2519 836 2583 intransitivum
857 2529 928 2583 essa
957 2517 1058 2594 illam,
1090 2515 1125 2579 in
1152 2531 1217 2597 qua

400 2616 655 2682 construatibiliu
677 2617 839 2701 pertinent
867 2618 911 2682 ad
932 2617 1036 2692 Man,
1066 2616 1118 2680 vel
1147 2620 1218 2680 tan-

400 2734 501 2800 quam
533 2719 577 2783 ad
611 2718 698 2784 idem
731 2718 883 2784 videntur
905 2717 1098 2801 .portinem;
1133 2715 1219 2781 Gon

400 2820 625 2884 structionem
646 2823 758 2884 autom
781 2821 1005 2884 transitivum
1023 2835 1095 2882 osse
1115 2815 1217 2893 illam,

400 2919 435 2983 in
455 2936 521 3002 qua
542 2919 797 2986 constructibilin
819 2919 981 3005 pertinent
1000 2921 1043 2986 ad
1063 2919 1215 2994 diversa,

401 3019 453 3086 val
475 3019 627 3087 videntur
647 3020 811 3105 partinens
831 3022 876 3087 ad
896 3020 1039 3087 diversa.

402 3193 407 3204 ,
485 3122 569 3187 Illud
590 3130 700 3188 autem
728 3123 837 3189 dabat.
853 3123 992 3206 intelligi
1018 3122 1124 3200 modo,
1151 3138 1216 3206 quo

400 3223 525 3288 dictum
547 3231 613 3308 est3
635 3225 714 3307 quia
729 3242 789 3307 pro
804 3230 894 3290 tanto
912 3223 1169 3288 constructibilia
1183 3224 1216 3286 in

398 3325 1216 3406 constructioneintransitivadiounturportinere

399 3424 442 3490 ad
464 3424 563 3503 idem,
590 3426 670 3508 quia
692 3427 856 3510 posterius
875 3424 1129 3501 oonetruetibila,
1157 3442 1236 3507 per,

398 3543 496 3592 suum
520 3526 652 3594 modum
667 3525 884 3611 signifioandi,
897 3527 1082 3612 dependens
1096 3525 1138 3592 ad
1153 3525 1218 3612 pri·

399 3645 502 3709 mum,
523 3629 634 3714 aliquo
655 3631 751 3697 modo
779 3631 897 3698 nititur
924 3629 1120 3696 identifioari
1142 3645 1217 3698 cum

398 3750 448 3800 eo.
470 3734 537 3798 Pro
558 3737 650 3800 tauto
679 3734 780 3800 etiam
806 3733 1064 3801 oonatruotibilia
1086 3733 1118 3798 iu
1147 3749 1219 3798 von-
