3096 4528
363 881 422 928 sex
443 859 478 926 in
498 860 672 941 supposito
695 845 922 941 terminanti5
941 856 1066 923 namin
1081 875 1180 942 appo

363 965 425 1028 nito
446 967 496 1027 est
509 961 640 1026 modus·
654 975 735 1036 esso,
757 960 811 1024 oui
828 960 868 1026 ,in
887 958 1054 1044 supposito
1074 976 1181 1024 corre·

363 1061 652 1148 εροιιᾱεῐώοᾱῑιε“’
664 1061 762 1127 ontis.
792 1060 951 1139 Secundo,
972 1061 1006 1126 in
1027 1060 1180 1146 apposito

364 1171 414 1228 est
425 1155 638 1242 compositio,
649 1162 704 1226 cui
718 1159 752 1225 in
767 1147 938 1246 supposito
952 1163 1182 1245 correspondet

364 1264 480 1327 modun
493 1278 625 1342 perse,
635 1263 768 1326 stantis.
784 1261 903 1338 Tertio,
917 1261 949 1325 in
969 1261 1118 1344 apposito
1127 1267 1181 1327 'est

364 1363 480 1428 modus
494 1363 622 1438 ‘vorbis
635 1361 688 1427 oui
706 1360 739 1425 in
762 1361 1182 1450 suppositocorrespondet

366 1465 453 1529 ratio
470 1465 657 1546 principit
677 1463 719 1528 Et
733 1461 767 1526 hi
781 1460 870 1530 modi
885 1462 1091 1545 significandi
1105 1470 1182 1528 sunt

366 1560 537 1650 utrobique
550 1562 748 1649 principium
764 1555 936 1634 remotum
952 1556 1182 1631 et'commuoe

367 1667 464 1734 huius
485 1668 725 1751 coopcuttotts.
748 1666 882 1747 Quarto,
904 1665 937 1734 in
959 1665 1106 1753 apposito
1127 1667 1182 1733 de

367 1770 518 1860 pendenti
535 1774 588 1836 'est
610 1769 735 1846 modus,¹
756 1769 890 1849 scilicet,
922 1773 962 1836 ot
990 1773 1120 1852 ipsum·
1134 1774 1185 1837 cst
1204 1851 1206 1856 Ι

366 1871 531 1948 altorem,
554 1871 607 1936 cui
639 1872 868 1954 correspondet
886 1870 930 1934 'in
951 1871 1117 1955 supposito
1144 1875 1185 1937 ut

368 1973 458 2053 quod
478 1977 528 2037 cst
548 1972 709 2058 pttcoom.
734 1971 862 2049 Quinto,
883 1977 933 2037 est
961 1971 1204 2050 convenientia-

366 2074 509 2140 oumeri
529 2071 563 2138 in
576 2057 724 2157 introque.
747 2073 854 2151 Sexto,
868 2070 1090 2138 convenientia
1101 2090 1185 2154 por-

368 2192 470 2240 soocc
491 2173 525 2238 in
539 2158 690 2257 'utroque
705 2174 747 2238 Et
768 2172 830 2238 ista
846 2179 922 2264 sunt
936 2172 1095 2258 principia
1110 2181 1185 2258 npe-

366 2273 475 2353 cialia,
495 2278 529 2341 ot
550 2274 740 2360 approbata.
1201 2323 1205 2362 3

439 2377 526 2442 198.
549 2373 753 2445 contin-
776 2374 937 2460 Principia
966 2382 1078 2443 autem
1106 2394 1206 2445 coo·

366 2481 534 2562 pruttotis
552 2476 749 2542 intransitivi
763 2477 921 2562 suppositi
935 2477 1076 2543 Gonitivi
1089 2497 1185 2544 casus
1207 2482 1212 2520 '-

367 2599 443 2646 cum
465 2578 624 2664 apposito,
645 2584 682 2643 ut
703 2578 848 2657 dicendo,
879 2582 936 2645 sui
960 2583 1116 2659 interest,
1141 2581 1186 2646 lo
1217 2573 1229 2656 ’,

368 2677 494 2762 quondo
515 2680 556 2744 de
577 2678 746 2763 principiis
766 2681 922 2756 remotis,
945 2683 978 2745 et
1000 2684 1185 2747 commoni·
1236 2713 1238 2718 ·

370 2779 690 2856 consumentem,
718 2795 804 2860 quae
820 2785 926 2844 =erant
954 2779 988 2844 in
1016 2781 1186 2864 praedicta

368 2877 615 2959 constructione,
629 2877 768 2946 noilioet:
780 2889 824 2944 'ex
845 2887 940 2963 parte
954 2880 1057 2946 Verbi
1069 2881 1185 2965 depen-

367 2980 474 3045 dentis
487 2983 569 3046 coto
582 2998 617 3045 sc
632 2981 749 3045 modus
765 2991 847 3058 csse,
870 2985 903 3046 et
925 2985 1139 3063 compositio,
1153 2988 1185 3048 et

369 3081 487 3146 modus
517 3081 622 3147 Verbi
627 3101 641 3164 ;
662 3080 782 3166 quinus
810 3081 1036 3160 conformatur
1057 3084 1091 3146 in
1112 3101 1186 3167 sup

369 3183 475 3265 posito
497 3183 682 3248 terminanti
698 3184 814 3247 modus
828 3186 928 3259 entis,
943 3189 975 3249 et
990 3185 1107 3248 modus
1119 3202 1185 3264 por

369 3298 405 3345 so
435 3284 574 3359 emotis,
603 3288 636 3347 et
668 3285 755 3348 ratio
783 3285 961 3364 principit
993 3283 1186 3366 simpliciter

369 3388 509 3466 sumpta.
533 3384 698 3467 Principia
719 3389 829 3450 autem
847 3387 1015 3465 proprio,
1038 3385 1088 3450 vel
1114 3402 1186 3468 pro
1208 3392 1211 3396 ’

369 3482 503 3568 pinque,
525 3491 601 3550 sunt
628 3487 694 3551 duo
715 3486 803 3552 modi
831 3483 1032 3564 conformes„
1046 3485 1184 3551 scilicet:

369 3603 412 3653 ex
425 3591 522 3671 parte
534 3587 757 3677 deperientis,
771 3590 888 3654 modus
902 3592 943 3655 ut
962 3588 1110 3655 alteriue
1117 3609 1130 3672 ;
1143 3584 1188 3655 ex'

371 3698 467 3773 parte
488 3690 703 3771 terminantis,
725 3692 841 3758 modus
859 3697 899 3758 ut
919 3695 1029 3760 cuius.
