3166 4528
591 849 594 854 ,
667 779 858 842 -131-·

353 910 517 985 causales,
532 928 618 993 quae
641 928 677 977 se
692 915 798 975 terem
812 930 854 976 ex
873 917 968 995 parte
986 914 1173 978 anteceden-

354 1011 405 1087 tis,
420 1011 507 1093 quod
522 1015 573 1075 est
588 1005 687 1076 cause
703 1013 941 1095 consequentis,
955 1013 1093 1078 dicendo
1107 1015 1171 1078 sic:

354 1111 513 1180 Socrates
524 1115 660 1196 carrit;
674 1103 758 1198 arpa
769 1117 938 1180 mouetur.
952 1148 993 1162 —
1005 1116 1172 1182 Secttndus

353 1222 402 1280 est
418 1216 539 1281 modas
558 1218 782 1298 sipaifiaaadi
793 1235 860 1298 per
874 1218 1016 1282 modam
1031 1220 1172 1284 conian-

352 1320 463 1399 9cnti's
495 1317 563 1381 dac
598 1322 758 1383 eatrcma
791 1320 978 1385 secandam
1011 1319 1172 1386 ordinem

353 1436 397 1482 ea
415 1422 521 1498 parte
542 1423 776 1501 consequentis
798 1439 832 1486 sc
854 1421 1028 1486 habentia.
1051 1424 1093 1485 ut
1120 1421 1173 1485 hic

354 1520 468 1584 modus
489 1521 661 1584 coustituit
683 1520 932 1585 coniunctiones
961 1522 1173 1603 rationales,·

354 1627 385 1686 et
406 1621 484 1686 bene
505 1620 697 1687 rationales
721 1622 884 1701 dicuntur,
901 1623 991 1705 iquia'
1007 1625 1114 1706 magis
1137 1641 1174 1688 se
1210 1613 1221 1636 ’

355 1729 461 1789 tenent
482 1725 524 1788 ad
546 1732 673 1808 partem
697 1719 943 1806 consequentis,
962 1723 1056 1791 cuius
1078 1728 1172 1791 ratio

355 1825 513 1910 dependet
536 1827 576 1891 ab
599 1827 819 1904 antecedente,
838 1834 874 1891 ut
890 1825 1050 1914 ‘dicendos
1074 1831 1173 1894 tarra

355 1930 594 2009 interponitur
617 1932 711 1994 inter
738 1930 842 1995 solem
869 1933 901 1996 et
928 1930 1068 2011 laaam3
1089 1949 1173 2012 erpo

336 2029 439 2095 'lana
460 2031 658 2111 eclipsatar.
942 2029 945 2038 ⁴

441 2135 512 2197 174.
536 2130 688 2217 Epilogus.
705 2169 744 2179 -
761 2134 802 2196 Et
817 2139 866 2197 est
883 2134 1071 2207 notandum,
1085 2132 1173 2215 quud

337 2234 515 2328 squaedam
536 2235 784 2298 coniunctiones
799 2233 954 2298 dicuntur
967 2233 1173 2314 caplcliuac,

356 2337 440 2419 quae
463 2337 638 2402 secundum
661 2337 833 2403 veritatem
856 2355 918 2402 nun
941 2343 1017 2402 suut
1035 2337 1174 2402 Coniun-

340 2439 573 2528 {ctiouesquia
587 2458 648 2504 non
661 2442 887 2521 coaiaaqaat
899 2439 957 2505 sed
969 2444 1092 2503 tantum
1104 2457 1176 2504 con·

328 2529 345 2622 ,ζ’
357 2541 465 2605 iuncta
482 2544 623 2617 ornant,
639 2547 670 2604 et
692 2541 724 2605 iu
748 2558 896 2606 sermone
917 2557 977 2605 non
1001 2546 1176 2604 sumuntur

318 2629 336 2738 ,ξ
357 2646 492 2724 propter
514 2641 749 2716 necessitatem,
769 2642 826 2704 sed
849 2646 983 2724 propter
1011 2646 1175 2704 ornatum.

316 2773 319 2782 Δ
358 2743 390 2805 Si
413 2749 522 2805 nutem
545 2759 602 2806 eas
624 2743 872 2806 coniunctiones
902 2741 1093 2819 eaplctinas
1125 2755 1178 2802 va

357 2842 466 2906 lamus
489 2841 654 2905 includere
677 2844 711 2905 in
732 2841 900 2924 speciebus
923 2840 1177 2915 coniunctionis,
1219 2900 1221 2904 ,

357 2944 417 3009 hoc
451 2944 545 3009 modo
579 2941 806 3008 sufficientiam
839 2943 957 3007 harum
991 2941 1176 3025 specierum

353 3065 543 3113 sumamus:
565 3046 670 3112 omnis
693 3043 883 3112 Coniunctio
917 3051 974 3110 aut
996 3046 1177 3129 coaiaapit
1202 3041 1204 3048 ’

359 3149 424 3214 duo
446 3157 605 3226 extrema,
622 3155 678 3213 aut
693 3150 759 3213 dua
772 3157 918 3213 extrema
935 3149 1107 3213 coniuncta
1124 3166 1179 3211 or·

357 3255 428 3315 ant.
445 3252 477 3316 Si
499 3252 677 3333 coniungit,
693 3252 753 3314 hoc
767 3256 817 3315 est
831 3249 1023 3334 dupliciter:
1040 3254 1098 3312 aut
1109 3263 1178 3329 per

345 3355 444 3429 'aira
462 3361 596 3433 aut-per
619 3354 787 3417 ordinem.
811 3353 843 3418 Si
862 3370 931 3432 per
952 3353 1037 3426 aim,
1054 3351 1114 3414 hoc
1130 3355 1179 3414 est

358 3453 550 3537 dupliciter:
573 3461 631 3517 utut
652 3452 833 3534 coaiaapit
854 3453 978 3535 aliquid
1002 3452 1083 3514 inter
1098 3468 1133 3514 se
1148 3455 1180 3515 et

360 3563 508 3639 respectu
526 3555 623 3632 tertii,
638 3561 670 3619 et
685 3556 732 3619 sic
752 3561 829 3620 sunt
846 3555 1108 3632 coniunctivae3
1123 3557 1181 3615 aut

359 3658 528 3740 coniungit
549 3657 672 3740 aliquid
696 3657 781 3722 iuter
803 3675 849 3735 se,
871 3654 1113 3736 distiapacado
1128 3671 1182 3719 re·

360 3763 477 3840 specta
501 3762 609 3836 tertii,
632 3764 665 3825 et
686 3758 733 3824 sic
754 3765 829 3823 sunt
845 3755 1094 3836 coniunctiones
1115 3755 1182 3820 dis·
