3096 4528
621 829 624 834 ,
731 732 953 853 ÷150-'

420 912 512 960 mum
543 898 577 961 et
597 874 775 960 seeundu'm
797 899 873 960 sunt
894 892 1076 961 differentia
1103 891 1237 960 ordinis.

390 985 392 989 ’
420 999 462 1064 Et
484 997 573 1062 illud
586 1001 636 1062 est
657 997 691 1061 in
711 990 800 1061 on'rni
821 995 1060 1062 construetione
1089 1000 1239 1062 constru-

420 1097 529 1164 etibile
545 1099 716 1179 primum,
739 1098 827 1182 quod
845 1103 925 1181 post
945 1117 980 1165 se
1008 1098 1169 1182 dependet
1189 1098 1238 1163 od

380 1266 386 1276 ,
422 1197 711 1280 obliquum3ss1ud
732 1216 811 1265 vero
833 1200 1033 1274 seeundum,
1054 1200 1143 1282 quod
1157 1201 1239 1263 ante

421 1317 456 1364 se
477 1299 634 1381 dependet
653 1298 700 1362 ad
714 1302 940 1380 suppositum.
962 1299 1044 1362 Illud
1066 1301 1116 1361 est
1138 1299 1238 1361 etiam

421 1381 620 1473 seeundum,
648 1398 736 1479 quod
765 1394 939 1482 dependet
954 1398 1002 1462 ed
1027 1397 1239 1462 determina·

424 1497 499 1561 bile.
522 1499 562 1560 Et
590 1496 676 1562 ratio
704 1498 823 1562 horum
848 1503 909 1576 est,
931 1499 1011 1581 quia
1033 1497 1126 1572 illud,
1149 1497 1238 1579 quod

421 1599 498 1678 post
518 1615 553 1663 se
574 1596 735 1682 dependet
748 1597 1004 1679 adopertum,
1019 1597 1183 1682 dependet
1197 1597 1241 1661 ad

424 1700 529 1784 ipsum
552 1703 590 1765 ut
603 1700 652 1782 jad
676 1702 863 1766 terminum
885 1691 917 1766 et
945 1699 1131 1780 ultimum
1152 1699 1240 1783 quod

424 1805 535 1868 autem
556 1806 636 1868 ante
649 1821 684 1870 se
704 1803 863 1886 dependet
883 1801 931 1868 od
958 1803 1173 1883 suppositum
1188 1801 1242 1866 de·

386 1957 388 1962 .
425 1904 543 1988 pendet
564 1905 606 1970 ad
628 1905 734 1988 ipsum
756 1911 794 1970 ut
815 1905 858 1979 ad
883 1905 1104 1985 principium
1135 1906 1168 1969 et
1197 1903 1241 1967 ad

421 1999 603 2087 primum
631 2007 719 2090 quod
748 2010 859 2072 autem
889 2005 1048 2088 dependet
1080 2005 1128 2070 ad
1143 2021 1241 2069 suum

425 2105 687 2175 determinantia
705 2108 879 2194 dependet
902 2108 954 2174 nd
991 2105 1124 2192 aliquid*
1148 2104 1242 2192 prius

426 2226 479 2294 se;
501 2208 864 2290 determinationum,
879 2216 912 2277 et
932 2208 1102 2296 dispositio
1117 2209 1177 2286 rei,
1192 2212 1250 2275 est

426 2311 586 2397 posterior
606 2312 679 2398 ipse
702 2330 755 2402 re.¹

511 2416 592 2481 item
614 2416 914 2500 notandum..qu0d
943 2435 1019 2482 eum
1040 2416 1147 2490 omnis
1168 2432 1242 2491 oon·

426 2516 562 2581 structio
583 2517 730 2599 requirat
750 2518 815 2583 duo
830 2516 1095 2592 oonstruetibilia‚
1116 2520 1244 2599 opertet

426 2632 527 2677 unum
549 2631 621 2678 esse
634 2615 837 2694 deperdere,
860 2616 1048 2679 stulterum
1063 2614 1243 2696 dependen-

380 2780 381 2786 χ
427 2713 508 2775 tiam
531 2714 744 2793 terminares3
764 2714 851 2795 quod
883 2714 931 2776 sie
963 2712 1137 2795 probatur:
1165 2710 1243 2795 quia

427 2811 484 2875 illa
505 2811 571 2875 duo
599 2811 869 2890 construendis·
891 2831 933 2877 ex
962 2813 1081 2895 quibus
1105 2813 1144 2876 nt
1168 2828 1245 2876 eon·

427 2911 574 2988 structio,
592 2909 654 2976 'aut
675 2912 772 2978 ambo
786 2913 984 2997 dependent;
1000 2919 1058 2978 aut
1079 2913 1175 2978 ambo
1190 2912 1243 2978 de

427 3011 634 3098 pendentium
656 3013 831 3079 terminant
838 3035 847 3099 3
870 3020 926 3080 aut
949 3032 1051 3080 unum
1072 3014 1243 3098 dependet,

427 3119 460 3180 et
481 3114 622 3182 aiterum
643 3117 890 3201 dependendam
914 3117 1084 3183 terminat:
1106 3116 1244 3183 sednon

427 3222 562 3301 possunt
594 3217 689 3283 ambo
721 3219 917 3301 dependere,
945 3219 1025 3302 quia
1059 3218 1244 3303 dependens

426 3316 587 3400 accipitur
607 3317 736 3402 utquid
751 3318 786 3382 in
802 3317 963 3404 potentia:
983 3321 1040 3383 sed
1054 3317 1096 3383 eri
1117 3316 1244 3382 duobus

426 3417 554 3485 entibus
574 3417 607 3482 in
628 3417 848 3504 potentienon
871 3420 908 3484 dt
933 3419 1059 3503 aliquid
1080 3436 1192 3496 unum,
1206 3424 1243 3484 ut

426 3521 548 3587 dieitur
569 3521 642 3586 VII.
664 3522 817 3603 Merope.
834 3525 912 3588 text.
928 3523 1018 3588 Com.
1033 3522 1076 3588 56
1087 3519 1148 3606 (1);
1162 3536 1243 3604 ergo

428 3788 432 3796 .
496 3742 533 3810 (r)
552 3742 611 3795 vn.
627 3709 920 3808 nostronssooeoes
