3166 4528
494 808 514 832 i'
595 793 755 848 ’,αιιιῦᾼιω-
962 833 971 839 ,.

422 841 548 971 posta,
569 889 617 957 to
623 893 694 968 est
698 831 773 954 sot
792 890 1011 974 proprietate
1026 845 1246 964 collectionis,

430 997 467 1057 ut
488 992 802 1088 ineorpupnooitis.·

423 1091 573 1168 sss
574 1089 914 1166 Eorumdiffersntis.
947 1094 1059 1158 -Et
1091 1047 1153 1157 hoo
1185 1097 1246 1168 est,

392 1128 530 1278 (ιιιᾱ
531 1193 633 1261 solet
643 1196 727 1275 diois
733 1196 828 1300 quod
852 1195 916 1261 ilia
930 1197 1030 1261 dictio
1052 1200 1103 1260 est
1117 1194 1247 1274 simpli·

404 1299 479 1361 eis
500 1279 668 1393 figuraest
664 1314 777 1380 quae
772 1295 858 1363 test*
862 1298 1084 1380 impositas.
1103 1295 1246 1378 simplici

388 1387 604 1482 ι’·ιοιιιθιιιι
598 1398 671 1464 ad
662 1397 943 1492 significandum
966 1404 998 1462 et
1020 1395 1075 1461 iila
1091 1402 1141 1461 est
1156 1409 1265 1462 oom-

405 1573 408 1578 ,
420 1495 563 1578 postue
581 1499 730 1580 figurae,
744 1516 830 1582 quae
844 1503 895 1565 est
917 1498 1067 1582 imposita
1082 1497 1125 1562 ud
1148 1497 1270 1578 signi-2

393 1625 395 1634 ι
431 1599 594 1665 fluendum
616 1617 635 1664 a
658 1595 1035 1686 conceptu-‘'composit03
1057 1599 1113 1664 illa
1134 1603 1245 1665 autem
1268 1658 1272 1668 .

432 1701 483 1766 est
500 1702 639 1784 fipuroe
670 1703 930 1783 docentpositoe,
953 1709 1110 1787 quaeest
1142 1703 1248 1784 impo-

378 1867 380 1871 .
432 1804 526 1868 sitan
540 1804 691 1888 pluribus
704 1805 913 1888 conceptibus
928 1807 969 1869 ad
985 1803 1247 1887 significandum,
1271 1811 1277 1829 ¹

431 1920 596 1990 quamex
617 1890 744 1978 duobus
765 1907 968 1987 aggregatis.
987 1907 1080 1969 Licet
1114 1907 1175 1968 hoe
1198 1921 1248 1967 ve
1272 1905 1280 1974 ἰ

432 2021 507 2068 rum
530 2006 583 2080 sit,
605 2005 715 2070 tamen
736 2008 822 2089 ¹quia
854 2001 1040 2070 huiusmodi
1072 2008 1248 2087 conseptus

432 2121 496 2170 non
518 2110 593 2170 sunt
614 2107 693 2184 fleti,
726 2111 854 2192 oportet
886 2107 1145 2191 correspondere
1170 2104 1249 2190 ipsis
1280 2133 1288 2199 z,

433 2208 652 2300 proprietates
672 2210 705 2276 in
728 2227 764 2276 re
771 2230 781 2295 3
803 2214 836 2276 et
857 2212 919 2276 hae
940 2209 1159 2296 proprietates
1174 2212 1249 2275 sunt
1279 2225 1286 2273 ε

429 2311 506 2391 ¹hae,
528 2329 614 2396 quae
642 2311 749 2381 dietae
771 2322 859 2395 sunt·
877 2332 960 2401 quas
988 2330 1116 2392 nomen,
1137 2326 1251 2381 oenoe·
1280 2325 1286 2408 ἰ

433 2417 544 2502 ptibus
567 2420 757 2485 memoratis
779 2419 1008 2498 mediantibus,
1031 2418 1207 2500 signifieat
1283 2421 1294 2512 ι

727 2641 845 2704 Curur
866 2641 952 2704 XIX

437 2841 440 2846 ·
526 2769 576 2887 lie
597 2840 681 2888 orsu
701 2771 966 2915 grammaticali
987 2825 1157 2888 Nominis

387 3055 389 3062 v
508 3026 570 3088 ·85.
593 3024 692 3092 casus.
714 3060 754 3072 —
778 3026 1021 3108 consequenter
1042 3027 1083 3090 de
1104 3043 1187 3092 cusu
1201 3026 1251 3091 di·

434 3141 558 3190 camus.
581 3128 672 3191 quta
696 3126 783 3209 quod
806 3127 994 3206 notandum,
1023 3127 1111 3211 quod
1140 3128 1174 3192 in
1200 3145 1251 3194 re

425 3225 494 3289 uus
517 3226 725 3291 inveniuntur
745 3228 908 3310 quaedam
925 3230 1146 3310 proprietates
1159 3245 1252 3293 oom-

386 3327 389 3338 '
427 3343 565 3403 -mnnes,
600 3328 744 3392 scilieet:
781 3329 968 3411 proprietas
997 3331 1186 3410 principii,
1217 3334 1251 3394 et

434 3429 621 3511 proprietas
643 3431 804 3520 termini..
819 3432 910 3507 Item,
923 3429 1133 3496 inveniuntur
1153 3447 1252 3513 quae·

434 3531 511 3596 dam
533 3527 752 3616 proprietates
783 3533 961 3617 generales
983 3533 1018 3598 in
1039 3534 1148 3612 rebus,
1169 3531 1252 3598 soili-

384 3667 388 3681 ·
425 3639 500 3700 eet:
522 3634 718 3722 proprietas,
739 3642 775 3702 ut
801 3636 891 3718 quod
912 3639 963 3703 est
986 3635 1122 3717 aliquid
1143 3637 1182 3702 tn
1203 3653 1249 3714 se,

433 3737 485 3804 vel
496 3738 586 3820 qood
600 3741 649 3806 est
663 3738 832 3822 alterum
845 3743 878 3805 et
892 3741 1077 3825 proprietas
1087 3741 1186 3816 ouius
1201 3741 1252 3806 est
