3166 4528
270 906 272 914 ’
304 907 483 994 relativa,
489 917 575 1001 quia
591 918 634 982 ad
652 841 928 984 diversitatem
900 937 938 983 m
947 935 1066 984 causa
1076 925 1125 1028 so·

305 1019 418 1103 quitur
440 1020 646 1085 diversitas'
638 1038 670 1085 m
692 1021 875 1086 effectu·
1110 1063 1154 1082 r.

390 1121 462 1186 102
475 1117 722 1191 Prtmtttvtm-
733 1039 994 1192 derivattvum.-·-
976 1052 1121 1187 Modus

305 1223 522 1307 significandi,
544 1225 602 1309 qui
623 1231 673 1290 est
692 1227 909 1307 primitivus,
932 1231 963 1289 et
984 1224 1121 1289 deriva-

306 1327 407 1404 ttous,
430 1326 570 1392 sumitur
584 1327 626 1393 ab
646 1327 759 1393 eadem
774 1327 976 1411 proprietate
996 1327 1029 1391 in
1045 1329 1122 1392 Pro

303 1429 442 1504 nomine,
464 1445 483 1492 a
505 1446 571 1511 quo
593 1427 734 1493 sumitur
766 1426 902 1511 species·
917 1429 1119 1508 primitiva,

302 1535 334 1594 et
355 1529 555 1594 derivativo
578 1531 612 1592 in
634 1529 884 1611 Nomine31unt
912 1528 999 1594 enim
1021 1527 1119 1595 iidem

303 1630 391 1698 modi
411 1629 615 1715 significandi
638 1631 700 1710 hio,
722 1635 755 1696 et
776 1629 838 1716 ihi3
862 1648 937 1698 nam
956 1634 1119 1713 primitie

302 1735 336 1799 in
358 1735 551 1801 Pronomine
574 1734 659 1800 idem
683 1734 835 1820 estquod
858 1734 983 1819 species
995 1738 1121 1817 primi·

271 1872 273 1880 π
304 1841 374 1904 tiva
397 1840 430 1903 in
452 1839 604 1922 Nomine3
626 1847 658 1904 et
679 1839 853 1905 derivatio
877 1839 911 1901 in
926 1837 1120 1904 Pronomine

302 1939 388 2005 idem
403 1936 555 2024 estquod
571 1943 697 2024 species
711 1941 910 2006 derivativa
926 1942 959 2004 in
975 1939 1119 2005 Nomine.

303 2046 364 2110 Sed
387 2046 506 2109 habent
527 2063 563 2108 se
585 2047 784 2123 differenter,
803 2048 881 2130 quia
902 2048 1066 2126 primitie
1089 2050 1121 2108 et

264 2205 267 2214 Α
303 2145 476 2209 derivatio
487 2147 686 2209 constituunt
697 2147 846 2208 diversas
860 2147 985 2228 species
999 2145 1032 2207 in
1045 2146 1122 2208 Pro

265 2229 273 2286 ἴ
303 2245 440 2322 nomine,
463 2245 587 2308 seilicet
616 2246 798 2309 Pronomen
819 2247 1058 2325 primitivum,
1081 2248 1121 2320 et

263 2352 280 2394 τ’
303 2345 561 2428 derivativum
582 2345 637 2411 sest
662 2347 696 2410 in
726 2346 872 2425 Nomine,
894 2346 1019 2430 speeies
1042 2345 1121 2427 pri-

254 2447 270 2548 f
304 2449 427 2513 mitiva
449 2454 482 2514 et
503 2448 702 2513 derivativo
726 2448 812 2513 modi
835 2447 1041 2531 significandi
1068 2464 1121 2542 ao-

250 2549 256 2592 -”·
304 2550 481 2616 cideutales
501 2551 649 2615 Nominis
670 2549 887 2615 nominantur.
941 2565 943 2570 ·
993 2583 995 2591 ,
1065 2581 1082 2598 ν
1162 2567 1163 2574 “

241 2639 246 2646 ’
390 2653 462 2717 103.
485 2648 783 2718 substantivum—
774 2653 878 2716 item
895 2652 1010 2716 modus
1026 2651 1122 2716 adia

271 2738 276 2748 ’
305 2756 412 2820 centis
434 2760 465 2818 et
483 2771 551 2834 per
573 2755 750 2817 sestertiis
773 2753 815 2816 ab
836 2753 957 2816 eisdem
974 2753 1121 2835 pmprie-

280 2843 282 2848 ’
304 2855 425 2921 tatibus
447 2858 600 2931 sumitur,
622 2871 641 2918 a
664 2853 784 2937 quibus
802 2854 993 2917 sumebatur
1015 2854 1047 2916 in
1063 2855 1134 2916 No·
1163 2865 1166 2873 ·

306 2958 401 3036 mine,
416 2955 538 3023 scilieet
555 2957 669 3021 modus
678 2974 746 3037 per
757 2975 792 3021 se
806 2957 929 3020 stantis
945 2955 1122 3040 aproprie

305 3062 370 3130 tate
381 3062 543 3130 essentiae
554 3060 743 3146 distinctam
758 3064 791 3126 et
803 3059 919 3126 modus
930 3058 1122 3126 adiacentis

305 3185 324 3235 a
348 3167 544 3253 proprietate
574 3165 788 3231 inhaereatis
819 3164 914 3230 alteri
943 3164 1122 3230 seeundum

306 3288 378 3336 esse
392 3269 444 3351 (1).
1131 3261 1141 3279 ‘

305 3357 308 3364 ¹
391 3373 431 3434 Et
452 3376 502 3435 est
523 3371 701 3446 sciendum,
731 3371 820 3452 quod
847 3386 866 3433 a
890 3369 1122 3433 Grammaticis

266 3456 270 3461 ⁴
307 3478 472 3554 ponuntur
494 3473 558 3534 tria
573 3471 768 3533 Pronomina
790 3471 1017 3542 substantiva,
1040 3468 1125 3530 soili-

268 3593 277 3658 ᾗ
298 3578 368 3650 oet,
390 3590 463 3654 eoo,
487 3575 534 3647 tu,
556 3573 624 3650 sut,
647 3571 724 3654 quia
758 3569 944 3634 huiusmodi
975 3569 1025 3633 usi
1041 3573 1123 3631 'sunt

308 3711 487 3723 ——n

377 3793 414 3860 (t)
433 3793 491 3844 vu.
509 3806 535 3843 n.
554 3793 640 3844 at-aa.
