3096 4528
618 796 624 804 .
700 771 743 786 -
765 738 904 837 146·-¹

388 882 421 943 et
432 874 606 960 disponunt
616 870 871 939 constructibilia
883 871 926 936 ad
940 869 1100 936 actualem
1116 868 1202 935 unio

388 996 474 1056 nem,
488 994 573 1061 quae
587 977 624 1041 fit
634 1054 636 1058 y
645 993 704 1059 per
721 973 936 1056 intellectum
951 970 1026 1037 licet
1039 971 1201 1054 quaedam

388 1078 495 1162 magis
509 1081 642 1156 remote,
656 1081 689 1142 et
703 1075 865 1160 quaedam
888 1072 994 1156 magis
1014 1071 1209 1157 propinquew

388 1186 425 1248 ut
446 1178 624 1264 putabitis
644 1177 862 1261 sequentihus.
881 1178 922 1242 Et
943 1175 1094 1241 dicuntur
1116 1174 1203 1241 modi

388 1279 593 1364 significandi
621 1278 817 1363 principium
847 1281 1086 1353 intrinsecum,
1107 1276 1203 1359 quasi

387 1386 482 1462 inter
503 1378 758 1447 constructibilia
778 1383 963 1445 manentes.

383 1474 387 1484 '
463 1484 535 1574 ,sed
568 1480 763 1567 principium
796 1481 936 1546 efficiens
968 1470 1202 1566 extrinsecum

388 1591 438 1652 est
459 1584 651 1661 intellectus,
672 1582 730 1668 qui
751 1581 1003 1648 constructibilia
1017 1582 1214 1668 permodos·

321 1750 324 1756 .
388 1685 594 1772 significandi
607 1684 762 1771 disposita
781 1691 814 1752 et
832 1690 1028 1770 praeparata
1042 1691 1118 1752 actu
1133 1685 1204 1752 unit

375 1789 421 1855 'in
446 1789 683 1856 constructione
704 1795 737 1852 et
756 1805 922 1853 sermone.
944 1787 1217 1862 Constructihilia

388 1891 485 1968 enim,
499 1889 780 1972 qualitercumque
794 1906 922 1953 summe
934 1889 1146 1971 disponantur
1160 1890 1231 1954 ad.-

373 1990 546 2081 'unionem
559 1989 857 2077 pertsuosmodos
888 1986 1102 2071 significandi,
1123 2006 1217 2082 uum¹

388 2106 488 2174 quam
499 2093 629 2163 ,tamen
640 2106 743 2167 uuum
752 2135 756 2158 .
764 2084 1003 2156 constructibile
1017 2094 1095 2156 actu
1108 2107 1144 2156 se
1158 2090 1213 2156 al··

388 2190 451 2258 teri
464 2187 770 2276 unitpsedjhocdt
781 2188 1080 2275 ,perintellectum
1096 2196 1136 2261 ut
1157 2191 1204 2258 di·

387 2297 481 2359 ctum·
498 2289 568 2361 est..
586 2293 628 2358 lit
652 2290 772 2358 dicitur
800 2291 981 2360 intellectus
1009 2292 1204 2379 principium

376 2396 635 2471 ‘cmtriosecum
655 2393 766 2478 -quasi
807 2399 911 2461 accire
950 2394 1219 2488 conrxtnuctibilia*¹

388 2508 543 2561 manens.
657 2489 663 2495 ’
714 2520 718 2525 ·
1072 2501 1074 2508 ”

372 2600 376 2607 ’
427 2635 429 2640 -
474 2597 546 2661 188.
568 2593 684 2664 Fidele.
713 2631 757 2642 —
790 2595 989 2678 Principium
1019 2597 1126 2678 finale
1156 2579 1228 2662 est'

388 2695 555 2779 expressio
570 2695 693 2761 mentis
714 2701 887 2780 conceptus
910 2697 1089 2780 compositi.
1112 2700 1206 2776 Quia,

389 2802 426 2870 ut
454 2795 574 2861 dicitur
602 2798 637 2862 V.
661 2799 814 2878 Metapa.
841 2801 919 2863 text.
942 2798 995 2875 21,
1016 2801 1116 2864 Finis
1145 2803 1213 2876 est,.

387 2900 507 2980 pratia
530 2900 628 2964 cuius
643 2897 778 2980 aliquid
792 2900 834 2980 fit
848 2897 910 2982 (i):
932 2900 988 2965 sed
1010 2899 1206 2966 constructio

388 2998 533 3084 partium
547 2998 703 3066 orationis
714 3001 751 3065 fit
765 2999 875 3084 gratia
889 3001 1107 3086 expressionis
1120 3019 1206 3068 men·

388 3101 432 3168 tis
451 3109 625 3188 conceptus
645 3103 830 3188 compositi3
845 3121 925 3187 ergo
938 3103 1104 3189 expressio
1118 3121 1206 3170 men·

390 3205 432 3269 tis
463 3210 638 3290 conceptus
669 3206 838 3290 compositi
870 3213 919 3272 est
954 3207 1029 3271 finis
1060 3213 1206 3272 constru-

372 3304 512 3370 ctionis.
528 3307 618 3371 Unde
636 3307 849 3389 Philosophus
869 3309 906 3376 I..
922 3309 1205 3374 Perdicca-menius

389 3421 460 3487 cap.
484 3408 520 3468 1.,
535 3404 624 3482 dicit,
645 3407 732 3488 quod
755 3425 795 3471 ea
825 3425 913 3488 quoe
941 3411 1023 3472 sunt
1048 3409 1087 3470 in
1112 3424 1204 3501 voce,

457 3639 495 3707 (t)
514 3640 572 3692 Vld.
599 3641 750 3706 Exposition.
777 3643 908 3706 nortuum
935 3647 960 3694 et
986 3637 1071 3700 maie.
1099 3641 1201 3696 Scou’si.

389 3722 502 3776 distinct.
518 3737 545 3776 v.
563 3722 643 3788 Fines,
664 3730 711 3777 etc
