3166 4528
305 930 481 994 haereatis
502 927 599 993 alteri
620 925 798 993 secundum
820 887 1141 995 esee.·Neo'eou'em‘²
1162 1008 1164 1014 Ι

306 1031 411 1109 mode,
425 1031 502 1114 quia
523 1031 639 1095 modus
658 1030 818 1093 distantis
841 1029 925 1094 inest
939 1029 1049 1096 Verbo
1064 1040 1144 1124 pers

307 1149 351 1210 se,
373 1134 574 1213 compositio
599 1148 677 1197 vero
698 1149 757 1215 per
780 1131 940 1196 accidens.
1000 1175 1025 1184 ,‚
1050 1155 1056 1176 ‹
1089 1156 1094 1169 ·
1173 1147 1179 1192 ,τ

571 1353 689 1416 Carus
711 1350 857 1415 XXVIII.
963 1337 964 1342 ’
1088 1361 1092 1368 ·

305 1534 354 1597 Do
368 1533 480 1596 Medis
494 1533 765 1598 accidentalibus
780 1533 985 1614 specialibus
1004 1534 1121 1610 Verbi,

411 1637 445 1699 et
466 1637 503 1698 iu
521 1634 739 1715 particulari
761 1634 803 1700 de
830 1634 1011 1705 Qualitate.

299 1843 303 1854 '
391 1841 461 1906 129.
484 1838 661 1907 Aouidentia
681 1836 774 1907 Verbi
790 1837 915 1927 septem.
931 1840 1032 1904 -De
1048 1838 1122 1906 aliis

305 1943 409 2007 modis
431 1933 636 2026 significandi
652 1943 922 2009 accidentalibus
937 1943 1050 2018 Verbi,
1065 1940 1122 2024 qui

306 2048 392 2122 eunt,
421 2049 454 2108 et
474 2053 562 2127 quot,
586 2045 764 2110 videamus
795 2047 836 2108 Et
862 2044 1041 2109 seeundum
1064 2045 1123 2107 Do·

287 2145 838 2234 &natumsuntseptem‚soi1icet:
861 2145 1022 2226 qualitas,
1045 2161 1124 2210 cou-

288 2247 404 2310 'iuuet
403 2247 449 2319 io,
474 2264 602 2327 portus,
620 2264 799 2323 uumerus,
824 2247 956 2328 fipura,
980 2248 1123 2325 tempus,

284 2364 467 2430 persoua,
489 2348 671 2432 dequibus
700 2349 879 2415 seeundum
907 2348 1055 2414 ordinem
1077 2347 1124 2412 vi·

284 2433 452 2552 ideamus,
473 2456 506 2517 et
529 2453 637 2536 primo
659 2451 701 2518 de
722 2450 932 2532 qualitate.
1026 2487 1029 2498 ·
1071 2485 1072 2490 =

273 2561 286 2624 i
392 2555 464 2622 130.
487 2551 627 2632 Qualitas
649 2551 815 2621 Verbi.-
838 2556 936 2621 quta
960 2555 1047 2639 quod
1070 2571 1125 2620 no·
1170 2548 1177 2643 ἰΙ

259 2719 261 2726 .
266 2658 440 2721 tandum
469 2663 529 2734 est,
552 2656 639 2739 quod
669 2674 748 2740 per
757 2656 966 2736 qualitatem
981 2655 1125 2719 Donatus
1172 2651 1177 2668 “

307 2757 472 2836 intelligit
480 2761 512 2819 et
534 2756 592 2819 dat
621 2756 804 2836 intelligere
826 2756 909 2818 duos
939 2755 1051 2818 modos
1073 2771 1125 2817 aa·
1133 2769 1136 2774 ·

297 2857 482 2920 oidenlales
515 2855 628 2930 Verbi,
660 2854 784 2919 scilieet
798 2897 800 2904 -
815 2855 970 2933 morium
990 2859 1022 2916 et
1048 2855 1124 2934 sor-

306 2973 421 3037 mam;
442 2957 526 3020 siout
548 2957 581 3020 in
602 2957 739 3019 Nomine
760 2973 822 3037 per
844 2953 1046 3034 qualitatem
1068 2955 1126 3018 dat

307 3059 488 3141 intelligere
509 3058 592 3125 duos
622 3059 735 3122 modos
762 3055 979 3139 significandi,
1001 3056 1126 3120 seilicet

308 3161 555 3241 appellativum
585 3165 618 3224 et
647 3161 851 3241 proprium,
882 3163 914 3223 et
944 3159 977 3224 in
1005 3159 1126 3222 Prono

309 3263 395 3328 mine
417 3281 476 3346 per
498 3262 712 3343 qualitatem,
734 3262 1064 3325 demonstrationem
1094 3264 1127 3324 et
1172 3341 1177 3351 Δ

308 3365 513 3429 relationem
527 3363 580 3448 (1).

396 3465 466 3532 131.
488 3463 588 3532 ilodus
608 3462 711 3532 Verbi.
733 3464 922 3529 -Modus
944 3469 1077 3540 autem,
1090 3469 1127 3527 ut

308 3574 359 3634 eet
373 3567 522 3634 accidens
537 3569 649 3648 Verbi,
665 3568 806 3634 sumitur
828 3587 846 3633 a
863 3565 1063 3652 proprietate
1080 3563 1128 3631 rei

263 3844 265 3848 .
311 3835 314 3844 .
377 3792 803 3860 (ι)νῑᾱ.οεῃ.κιν.εικκιιι.
885 3793 887 3798 ·

821 3937 842 3980 ¹.
1042 3894 1059 3944 7
1138 3905 1165 3976 ,t

785 4022 1150 4110 mv*
