3166 4528
316 879 422 942 modo
427 840 606 945 Pronomen
629 898 664 944 a
672 817 821 945 Nomine
822 899 896 1000 non
898 875 1167 971 distingmtur,

315 980 633 1064 utdictwumestfl)
777 984 779 988 ’
885 978 990 1041 *mun
987 977 1087 1045 wolfi
1069 978 1146 1068 ιι]ιμὶ’
1169 1025 1178 1046 ι.

401 1083 515 1148 Modus
536 1101 616 1149 vero
631 1021 928 1150 indeterminatae
936 1077 1170 1165 apprehen-
1174 1107 1182 1140 ι

315 1186 420 1249 sionis
435 1186 542 1249 oritur
557 1203 574 1250 a
592 1187 803 1269 proprietate,
819 1204 876 1250 seu
893 1186 988 1251 modo
1003 1187 1131 1251 essendi

317 1288 474 1352 materiae
495 1289 632 1371 primae.
649 1289 788 1353 Materia
803 1279 890 1354 enim
912 1290 1020 1373 prima
1037 1289 1070 1352 in
1085 1305 1132 1366 se,

315 1394 410 1452 extra
429 1389 676 1453 indeterminata
702 1397 761 1466 est,
784 1397 939 1472 respectu·
959 1385 1146 1454 cuiuslibet.

316 1491 438 1554 formae
462 1490 638 1564 naturalis,
648 1508 733 1572 quae
756 1491 838 1554 inest
852 1492 893 1554 de
913 1509 959 1568 se,
976 1489 1020 1555 ita
1044 1489 1132 1574 quod
1152 1506 1159 1516 ’

317 1609 375 1656 neo
394 1593 538 1657 includit
551 1611 609 1656 neo
624 1592 769 1656 excludit
784 1594 935 1669 sormam,
951 1611 1009 1657 nec
1025 1593 1132 1657 deter

320 1693 522 1758 minationem
539 1695 665 1758 formae
676 1693 727 1777 (2).
745 1696 818 1759 Ab
811 1699 854 1758 ist
855 1713 872 1758 a
883 1713 971 1776 ergo
984 1691 1133 1779 proprie·

319 1802 383 1861 tate
405 1797 562 1861 materiae
596 1798 737 1881 primae,
762 1814 847 1880 quae
873 1802 923 1862 est
946 1799 1132 1888 proprietas
1170 1809 1173 1817 '

317 1899 358 1963 de·
378 1897 415 1963 se
448 1900 708 1976 indeterminata,
737 1899 994 1966 determinabilis
1009 1905 1133 1964 -tamen
1151 1933 1156 1941 ι
1174 1902 1183 1986 ’ζ

285 2074 288 2084 ]
318 2019 377 2083 per
409 2002 566 2078 formam,
599 2001 742 2067 sumitur
776 2003 891 2067 modus
919 1995 1146 2082 ,significandi
1177 1983 1181 2006 ³

318 2101 516 2166 essentialis
527 2104 795 2182 generalissimus
825 2101 1059 2185 Pronominis3
1069 2119 1133 2166 non

281 2220 287 2266 ¹.
318 2201 403 2284 quod
427 2204 609 2266 Pronomen
625 2205 798 2267 materiam
814 2204 955 2286 primam
972 2201 1151 2283 significet„

277 2327 285 2386 ‚¹
307 2309 459 2382 tantum,
481 2305 595 2369 sodex
611 2305 707 2371 modo
729 2305 857 2371 essendi
873 2304 1026 2389 reperto
1018 2319 1054 2369 m
1065 2319 1134 2369 ma

276 2385 399 2481 {teria
422 2406 539 2492 prima,
562 2408 747 2474 intellectus
759 2413 910 2477 movetur
932 2408 974 2473 ad
989 2395 1178 2498 οοηοίιὶο]

262 2437 302 2588 μ’
318 2512 459 2575 randum
481 2511 625 2594 aliquam
647 2510 832 2592 essentiam
843 2512 895 2575 sie
891 2507 1178 2580 mdetermrna·
1152 2527 1185 2620 i

303 2617 397 2687 tam,
411 2619 444 2676 et
459 2614 501 2676 ad
515 2613 744 2694 imponendum
754 2611 832 2676 sibi
825 2628 959 2678 ·..vooem
964 2611 1034 2690 sub
1033 2599 1184 2702 niodo

291 2751 298 2780 2
319 2712 548 2790 significandi
559 2729 640 2793 per
636 2710 801 2775 modum
808 2695 1085 2773 indeterminatio..
1085 2703 1178 2776 lut

319 2811 404 2873 huno
414 2812 543 2873 modum
553 2812 835 2904 generalissimum
848 2806 1053 2874 essentialem
1062 2789 1181 2881 Pro'z.

320 2908 457 2976 nominis
479 2899 659 2975 Grammat
637 2911 692 2975 troi
719 2912 954 2994 expresserunt
976 2901 1183 3005 dieentes‚·†'{¹

319 3013 373 3080 Pr
375 3031 520 3079 unomen
531 3014 732 3098 srpnzficure
743 3013 972 3078 substanttam
987 3001 1182 3089 merom,
1173 3071 1178 3092 θ

318 3119 373 3187 uel
388 3119 562 3184 substent
548 3134 621 3183 auru
643 3119 716 3183 sine
739 3116 930 3199 quotimte5
946 3111 1097 3181 dantes-¹
1082 3129 1153 3179 m

320 3223 432 3307 telligi
443 3242 501 3308 per
516 3217 743 3288 substantiam
760 3217 904 3287 modum
909 3217 1027 3297 entia
1025 3214 1099 3303 qui
1091 3171 1183 3292 insti

319 3325 498 3402 substantia
523 3324 748 3411 principaliter
772 3322 951 3408 reperitur,
959 3330 999 3387 ut
1014 3321 1179 3385 dicium
1171 3297 1188 3318 ’

320 3485 497 3496 ....---

390 3585 427 3651 (Ι)
446 3584 504 3635 V.ld
522 3583 643 3645 supran
661 3580 702 3632 at.

368 3669 427 3736 (t)
456 3669 512 3720 th.
532 3667 616 3720 Leuio.
638 3665 763 3720 Scotiatio.
783 3663 894 3716 Distinet.
913 3638 943 3714 V.
958 3661 1068 3715 Materia
1082 3659 1138 3784 prt-

321 3769 374 3821 ma,
392 3763 439 3807 810.
