3096 4528
305 917 356 982 aie
377 919 411 981 et
428 917 548 998 fiyara
570 916 604 982 in
626 917 854 985 coniunctione
875 919 1068 986 idem-siout
1082 920 1121 986 'in

304 1018 437 1085 Nomine
451 1018 495 1103 (1)
516 1019 688 1086 dicendum
718 1026 784 1108 est;
814 1023 856 1088 ab
885 1021 1022 1088 eisdem¹
1035 1018 1122 1090 enim

305 1121 556 1208 proprietatibus
577 1128 752 1193 sumuntur
773 1123 954 1211 utrobique.
975 1124 1096 1193 Ordo*
1079 1117 1126 1191 ni·

305 1225 531 1293 coniunctione
564 1227 707 1295 sumitur
739 1230 780 1296 ab
803 1227 967 1354 ordine
950 1249 1008 1295 1n
1024 1232 1129 1354 rebus¹
1181 1295 1185 1307 ,

306 1329 347 1396 eb
368 1334 472 1396 extra.
1084 1381 1086 1388 .
1133 1405 1136 1410 ,

325 1434 444 1497 Est
455 1431 542 1498 enim
558 1435 666 1500 ordo'
657 1453 690 1499 rn
703 1435 932 1510 coniunctione
947 1436 1068 1501 modas
1079 1438 1122 1498 si·
1112 1465 1130 1482 ν
1152 1441 1155 1454 ·

302 1536 492 1616 paifiaandi
513 1539 661 1613 activas,
690 1555 756 1619 quo
778 1537 953 1602 mediante
977 1537 1122 1602 Goaiaa

304 1639 370 1705 atio
404 1639 563 1706 ordinem
592 1643 833 1706 eatremorum
862 1641 1122 1723 aoasipaitiaai3

304 1740 428 1807 ratione
449 1742 543 1808 auius
563 1741 686 1808 ordinis
707 1747 765 1807 aut
781 1739 971 1808 coniunctio
989 1759 1122 1826 praepo

304 1841 391 1908 nitur
407 1849 545 1920 tantum,
560 1849 618 1908 eut
636 1843 849 1926 postponitur,
864 1849 923 1908 aut
941 1842 1122 1908 indifferen-

305 1947 354 2008 ter
375 1943 587 2027 praeponitur
607 1949 640 2007 et
659 1943 862 2025 postponitur
876 1943 1033 2007 extremis
1051 1960 1122 2007 aon

306 2041 431 2106 innatis.

389 2146 431 2205 Et
452 2143 498 2207 sio
520 2149 632 2225 patent
619 2144 741 2207 tmodi
763 2142 967 2224 significandi
986 2141 1122 2207 Coniun-

293 2239 419 2306 otionis
429 2242 485 2326 qui
496 2249 582 2320 sunt,
593 2247 624 2307 et
635 2248 714 2324 quot
725 2246 811 2319 sunt,
821 2247 853 2307 et
864 2244 950 2308 unde
961 2241 1120 2307 oriantur.

604 2465 721 2530 Cnrur
744 2465 824 2528 XLI.
938 2544 940 2549 Ι
1127 2493 1130 2500 ·
1164 2551 1168 2562 ‚

276 2741 279 2749 .
322 2691 324 2695 -
396 2655 445 2718 De
473 2653 574 2718 modo
604 2650 833 2735 siyaificaadi
856 2650 1046 2717 essentiali
1099 2667 1131 2690 *²

375 2755 697 2878 aeaeralissimo
708 2753 1036 2876 Praepositioais.¹
1073 2828 1078 2835 Ι

391 2959 463 3022 176.
493 2953 658 3043 Praeposit‘
650 2973 750 3022 1o.-
710 2955 889 3020 -Modus
918 2951 1152 3036 significandi·

306 3060 496 3128 essentialis
528 3059 810 3142 peaeralissimas
843 3051 1167 3139 praepositionis*

306 3168 355 3228 est
377 3164 493 3229 modus
513 3161 719 3244 significandi
740 3180 798 3244 per
817 3162 950 3225 modum
965 3160 1124 3224 adiaaea·
1157 3195 1159 3201 ·

307 3265 349 3327 tis
371 3264 478 3328 alteri
499 3263 632 3328 casuali
658 3262 764 3344 ipsum
794 3261 998 3334 contrahens,
1019 3263 1052 3321 et
1081 3259 1124 3321 ad
1158 3313 1159 3318 ,

306 3361 416 3426 aetum
445 3367 645 3442 retorquens.
669 3364 709 3423 Et
731 3360 792 3423 iste
821 3361 937 3424 modus
959 3351 1125 3438 Praeposi-

310 3460 402 3525 tionis
428 3461 570 3526 sumitur
599 3479 619 3524 a
642 3459 840 3542 proprietate
866 3451 1125 3522 determinatio&

305 3552 752 3639 ais,etaoaratatioais1n
774 3559 881 3624 rebus.

375 3784 414 3852 (i)
432 3782 493 3849 Cep.
512 3783 558 3835 XV
577 3789 602 3836 et
621 3783 704 3834 xviii.
