3096 4528
653 759 735 815 ·-·
754 764 880 831 172-

324 981 326 988 ,
378 904 470 970 milis
492 903 633 970 Socrati
640 922 662 984 ς,
675 902 731 967 vol'
747 902 972 978 *Accusatiot
994 904 1031 965 ut
1063 899 1191 964 Petrus

342 1022 345 1026 ·
374 1007 484 1074 olous
507 997 833 1088 posunt-'pedem
866 1004 917 1069 vel
954 1002 1124 1078 Ablotioi,
1156 1006 1194 1066 ut

370 1108 480 1177 ceter-1
487 1108 644 1191 pedibus,
660 1108 701 1174 -id
723 1097 778 1175 est'
797 1108 902 1174 volox.

373 1252 377 1262 ·
438 1213 626 1297 'Principia
638 1211 856 1295 congruitatis
868 1212 1066 1278 communia
1075 1211 1192 1275 harum

378 1307 662 1379 constructionum
667 1319 751 1378 ¹sunt
773 1315 891 1378 modus
909 1315 1007 1388 entis,
1022 1311 1083 1376 suh
1098 1309 1194 1375 modo

344 1435 351 1444 ·
374 1417 590 1484 mammetis
611 1431 652 1481 ex
667 1421 763 1518 parte
776 1415 1017 1496 dependentis3
1029 1418 1063 1477 et
1077 1411 1194 1476 modus

373 1507 465 1580 'entis
488 1516 548 1581 sub
570 1502 667 1582 modo
685 1533 753 1598 per
767 1535 830 1582 se
842 1516 999 1582 stantis
990 1533 1023 1581 rn
1051 1512 1192 1596 obliquo.
1197 1519 1213 1563 -'

378 1617 459 1681 Nam
493 1607 577 1682 'sicut
609 1617 690 1683 huso
716 1622 773 1683 est
805 1616 997 1698 incongruo,
1021 1616 1193 1680 misereor

379 1716 462 1793 albi,
484 1718 532 1782 sic
553 1718 768 1798 haeccoppo
782 1717 865 1784 aiot.
881 1719 920 1782 Et
935 1712 1095 1794 similitor,
1109 1716 1195 1780 sicut
1238 1719 1242 1738 ¹

379 1819 465 1884 haec
490 1825 539 1882 est
567 1834 723 1898 congrua,
751 1821 922 1883 misereor
948 1817 1121 1892 Socratis,
1147 1815 1211 1900 sicffl

381 1919 460 1983 haec
481 1925 530 1982 est
552 1936 707 1999 congrua,
730 1918 1022 1998 compesceretis.
1135 1957 1136 1960 =

417 2071 420 2078 .
466 2017 629 2100 Principia
652 2021 806 2098 proprio
839 2020 937 2083 huius
968 2009 1195 2099 congruimus}

377 2118 471 2200 filius
495 2117 663 2195 Socratis,
686 2126 761 2196 sunt
782 2120 847 2185 duo
876 2120 961 2183 modi
990 2103 1224 2200 significandi.

379 2220 571 2299 conformes,
585 2221 723 2286 scilicet:
746 2223 863 2287 modus
884 2219 1118 2302 dependentis,
1133 2219 1194 2290 sub

380 2323 477 2388 modo
497 2326 537 2389 ut
550 2309 717 2406 alterium
730 2330 761 2389 et
776 2324 892 2390 modus
906 2325 991 2389 entis
1005 2325 1196 2390 terminon·
1217 2367 1220 2372 -

381 2427 436 2503 tis,
458 2426 636 2496 suh-modo
657 2431 696 2492 ut
725 2429 833 2494 cuius.
864 2429 905 2492 tit
926 2427 972 2492 ita
994 2424 1197 2508 intelligatur

380 2529 414 2592 in
435 2528 511 2593 aliis
534 2528 637 2593 trihus
658 2527 830 2606 casibus·
822 2549 854 2594 sn
877 2528 991 2594 ordine
1012 2545 1082 2593 suo.
1185 2533 1210 2621 2„

466 2630 559 2693 quta
583 2629 670 2711 quod
693 2631 882 2708 notandum,
897 2631 982 2713 quod
998 2625 1240 2694 constructio

380 2746 465 2812 quae
487 2736 537 2795 est
559 2731 720 2796 Adiectivi
742 2749 816 2795 cum
839 2731 1045 2808 Accusativo,
1064 2747 1126 2795 non
1148 2695 1233 2848 esti,

380 2830 571 2913 incongrua,
586 2833 643 2897 sed
655 2833 858 2915 fiquratioo.
876 2835 1090 2898 Accusativus
1110 2833 1232 2898 onim
1244 2847 1270 2878 ·'

331 3019 333 3024 Ι
381 2932 469 2998 solus
490 2931 691 3000 construitur
711 2951 856 3018 congrue
877 2953 952 3001 cum
968 2935 1078 3001 verbis
1099 2935 1229 3016 signi·

380 3035 703 3124 ticantibus·actum;
726 3037 805 3124 quio
827 3037 1045 3104 Accusativns
1059 3038 1116 3104 est
1131 3034 1199 3104 torss
1233 3029 1237 3039 ’

382 3140 489 3205 minus
510 3145 603 3206 octus
630 3142 770 3224 sinuati.
794 3142 885 3207 Unde
917 3142 959 3206 de
990 3142 1197 3224 congruitate

381 3241 479 3304 huius
500 3241 747 3306 constructionis
778 3259 839 3306 non
869 3249 919 3307 est
948 3242 1193 3325 inquirendum

381 3345 490 3403 tamon
512 3347 648 3422 propter
670 3342 896 3422 Syneodochen
918 3351 1064 3422 congruo
1082 3342 1197 3404 admit

383 3437 491 3502 titur
482 3457 514 3503 rn
537 3456 697 3506 sermone

421 3540 539 3606 216.
562 3539 779 3627 Epilogus·
736 3544 842 3607 -Et
864 3542 911 3608 sic
932 3547 1021 3627 patet
1039 3475 1197 3608 sufficien-

382 3639 428 3706 tia
450 3641 634 3727 specierum
664 3646 943 3722 constructionis,
966 3653 999 3710 et
1027 3643 1198 3730 principio

381 3762 454 3811 rum
482 3748 714 3830 conyruitotis
746 3748 949 3814 earumdem.
972 3751 1067 3814 Patet
1091 3747 1248 3814 otiam!
