3096 4528
640 770 763 834 -·151
788 805 840 818 -·
890 786 893 798 ·

327 922 369 968 ex
382 905 509 969 duobus
530 904 783 988 dependentibus
799 923 863 971 non
884 907 922 970 nt
936 907 1142 972 constructio.

326 1040 370 1053 -
383 1008 473 1082 Item,
487 1006 515 1068 si
531 1006 628 1071 ambo
649 1005 876 1089 dependerent,
896 1003 1011 1078 mutuo
1025 1007 1144 1090 depen-

327 1107 455 1172 derent:
467 1106 525 1172 sed
537 1123 623 1191 quae
635 1111 747 1173 mutuo
761 1107 940 1193 dependent
958 1108 1034 1173 sunt
1045 1105 1143 1174 simul

328 1216 460 1294 neture3
482 1214 515 1273 et
537 1208 603 1274 alie
625 1227 689 1275 non
703 1215 777 1276 sunt
798 1211 975 1276 seeundum
991 1208 1094 1294 prius,
1108 1213 1142 1277 et

327 1307 488 1394 posterius
514 1312 681 1395 ordinata3
704 1311 826 1379 dietum
858 1318 909 1376 est
940 1313 1027 1376 enim
1056 1311 1143 1395 quod

327 1413 614 1479 construetibilium
647 1419 697 1480 est
733 1415 814 1481 ordo
842 1415 1018 1480 seeundum
1051 1411 1144 1498 prius

328 1519 359 1578 et
381 1513 557 1598 posterius;
580 1533 661 1597 ergo
683 1523 745 1581 ete.
768 1553 809 1564 -
831 1517 924 1593 ltein,
953 1513 1144 1581 construeti-

328 1615 403 1683 hilia
417 1635 480 1683 non
495 1622 631 1702 possunt
653 1619 749 1685 ambo
769 1621 974 1697 terminare,
989 1616 1065 1703 quia
1081 1623 1145 1684 ter·

329 1722 464 1802 minans,
497 1727 532 1786 ut
560 1728 609 1787 est
632 1712 821 1800 terminans
843 1728 894 1788 est
916 1740 973 1788 ens
995 1722 1029 1786 in
1050 1727 1144 1787 actu:

327 1825 383 1889 sed
414 1842 456 1889 ex
477 1825 605 1890 duobus
626 1824 754 1891 entibus
777 1827 810 1889 in
833 1830 909 1891 actu
934 1843 996 1891 non
1023 1825 1060 1889 nt
1083 1830 1146 1889 ter·

328 1926 409 1990 tium
421 1947 430 2009 ;
454 1943 534 2007 ergo
566 1944 630 1991 non
659 1930 795 2009 possunt
825 1927 922 1990 ambo
955 1924 1143 1991 terminare.

326 2025 597 2109 —Relinquitur
623 2044 714 2108 ergo,
736 2028 824 2111 quod
850 2023 1144 2090 construetibilium

308 2144 428 2202 'unum
454 2126 496 2189 sit
517 2127 721 2205 dependens,
751 2129 892 2190 alterum
927 2143 1004 2191 vero
1026 2126 1144 2208 depon-

311 2219 316 2254 ²
328 2226 471 2289 dentiam
499 2228 701 2290 terminans.
728 2229 810 2290 Nam
833 2226 918 2289 sieut
940 2244 982 2289 ex
1005 2225 1143 2289 materie

263 2332 307 2428 pf
327 2332 359 2392 et
387 2325 503 2406 forme,
525 2344 664 2412 quorum
687 2345 789 2393 unum
810 2332 861 2394 est
883 2328 922 2392 in
943 2328 1037 2402 oete,
1064 2325 1143 2390 elte-

313 2446 404 2504 vtrum
426 2445 505 2495 vero
526 2431 565 2493 in
584 2430 752 2511 potentia,
778 2429 817 2492 nt
842 2446 911 2513 per
924 2445 960 2493 se
985 2426 1146 2510 composi·

305 2517 396 2604 §tum
412 2531 445 2598 in
467 2536 601 2618 nature3
623 2533 671 2598 sio
685 2549 726 2598 ex
749 2527 874 2598 ratione
896 2528 1097 2614 dependendi
1112 2532 1146 2593 st

294 2621 299 2684 ἶ
318 2633 525 2702 ¹terminandi
541 2636 578 2701 nt
594 2654 654 2719 per
669 2652 704 2700 se
717 2620 917 2700 constructio
930 2629 972 2696 in'
985 2648 1145 2697 sermone.

319 2737 410 2801 vIllud
421 2741 531 2801 autem
543 2734 783 2800 construetibile
793 2739 841 2798 est
852 2733 1047 2816 dependens,
1058 2732 1146 2818 quod

328 2834 454 2901 ratione
468 2835 607 2902 alieuius
620 2834 709 2900 modi
730 2831 934 2916 significandi
948 2837 1075 2898 tentum
1089 2849 1146 2913 pe·

330 2941 371 3003 tit
391 2938 442 3003 vel
464 2939 595 3022 euripi&
616 2937 697 3002 illud
719 2954 797 3002 vero
826 2933 1069 3002 construetibile
1097 2941 1146 3000 est
1181 2949 1184 2955 ·

329 3040 517 3122 terminans,
531 3041 618 3128 quod
632 3038 759 3108 ratione
780 3037 919 3107 alieuius
941 3038 1029 3106 modi
1050 3033 1149 3123 signi·

329 3145 448 3214 floandi
470 3149 595 3213 tentum
617 3145 689 3230 det,
711 3144 764 3211 vet
786 3145 953 3221 concedit,
975 3148 1035 3210 ete.

416 3254 487 3317 192.
504 3246 655 3339 Epilogus.
677 3285 720 3296 -
741 3243 927 3316 constructio
945 3241 1147 3314 intransitive

329 3387 373 3402 —
394 3351 571 3421 transitive.
593 3388 637 3400 -
654 3355 797 3417 Resumo
812 3368 893 3433 ergo
916 3350 1004 3433 quod
1022 3347 1146 3413 dietum

330 3461 390 3531 est,
404 3456 492 3539 quod
507 3456 539 3517 in
562 3452 650 3517 omni
664 3453 906 3517 construetione
925 3455 975 3514 eet
985 3450 1147 3530 primum

330 3554 581 3631 construetibile,
592 3559 625 3618 et
636 3553 832 3619 seeundum.
855 3552 920 3615 Aut
935 3566 1016 3631 ergo
1034 3564 1147 3612 seeun-

329 3656 409 3723 dum
430 3657 589 3741 dependet
610 3654 652 3719 ed
674 3652 829 3738 primum,
844 3657 902 3717 aut
925 3651 1070 3734 primum
1096 3648 1148 3713 de

329 3759 450 3844 pendet
464 3759 507 3823 ad
521 3756 709 3834 secundum,
723 3755 866 3820 seeundo
881 3772 939 3837 per
960 3753 1012 3817 sui
1032 3751 1149 3834 depen-
