3166 4528
331 928 383 994 vel
395 946 460 1010 per
482 947 595 1012 quem,
610 935 643 997 et
658 929 704 998 eie
718 936 768 997 est
782 949 862 1013 qua.
885 932 927 998 si·
939 951 999 1018 per
1015 918 1145 1001 modum

283 1077 286 1084 .
331 1032 567 1112 respondentis
587 1033 635 1099 att
655 1033 772 1110 locum,
791 1034 838 1098 sie
853 1039 929 1099 sunt
943 1033 1008 1100 iste
1022 1027 1147 1102 Aduerss
1177 1101 1181 1110 ,

330 1130 397 1197 bia:
411 1135 481 1210 bie,
496 1135 558 1211 tbi,
576 1135 661 1212 ittie,
676 1135 889 1212 tutatutas,
904 1139 937 1200 et
951 1135 1147 1202 huiusmodi.
1174 1139 1177 1146 ’

416 1237 487 1300 156.
510 1233 713 1311 Quenbiietie.
734 1272 777 1283 -
798 1235 999 1301 Adverbium
1015 1239 1149 1319 quauta·-

333 1339 412 1403 tntts
423 1335 584 1420 significat
595 1357 655 1424 per
671 1339 801 1404 modum
816 1337 1064 1404 determinentis
1077 1357 1147 1405 rem

331 1438 430 1503 Verbi
451 1439 504 1503 vei
526 1439 695 1523 Participii
716 1439 842 1505 ratione
862 1457 1050 1506 mensurae
1069 1458 1149 1506 eou-

332 1541 459 1617 tiuuae,
480 1540 533 1605 vel
554 1541 724 1608 discretae
735 1540 787 1627 (1).
808 1543 848 1606 ut
871 1541 932 1607 sub
954 1542 1016 1607 bae
1042 1541 1149 1626 speeie

320 1633 645 1726 ¹'comprehenduntur
676 1643 841 1709 Aduerbie
874 1644 1077 1726 separandi,
1112 1650 1148 1710 nt

330 1762 495 1823 seorsum,
516 1750 727 1826 retrorsum,
749 1752 783 1813 et
804 1746 1000 1814 huiusmodi.
1024 1747 1065 1813 Et
1088 1739 1149 1814 boe

330 1848 381 1915 vel
406 1867 466 1934 per
492 1851 623 1916 modum
649 1852 862 1934 requirentis
890 1868 1089 1932 mensuram,
1111 1839 1149 1917 ut

331 1955 469 2038 quaties,
491 1957 679 2036 quantum
700 1954 752 2020 vel
774 1973 834 2040 per
857 1955 987 2022 modum
1009 1971 1149 2036 respou-

330 2053 440 2121 deutis
463 2074 660 2146 mensuram,
674 2060 708 2122 et
728 2057 776 2123 sie
797 2064 873 2124 snut
889 2058 951 2124 ista
968 2050 1148 2123 Aduerbie:

307 2191 311 2196 Δ
331 2157 489 2235 muttum,
501 2176 646 2239 parum,
661 2160 849 2236 modinum,
864 2163 1063 2251 minimum,
1083 2163 1150 2224 mi-

309 2257 435 2338 uiue,
457 2260 571 2336 semet,
596 2263 658 2337 bis,
683 2265 747 2338 ter,
771 2251 904 2342 quater.

310 2367 314 2394 ⁸
417 2362 459 2426 Et
473 2362 759 2446 notandumque
775 2365 917 2430 Donatus
932 2362 1150 2446 appellatbd·
1177 2350 1191 2368 '

303 2471 318 2546 ,ζ
332 2464 482 2532 νθνὴίυω,
510 2467 713 2545 quantitatis
746 2466 908 2530 discretae
940 2465 1166 2538 adverbium

331 2569 485 2642 numeri,
507 2584 571 2632 non
592 2566 680 2649 quod
701 2563 896 2632 determinet
919 2565 1074 2644 Verbum,
1096 2565 1166 2638 vel,

332 2668 545 2749 Participinm
568 2666 695 2731 ratione
709 2668 861 2742 numeri,
877 2684 949 2732 eum
966 2665 1064 2731 etiam
1081 2683 1151 2749 poe-

332 2763 375 2829 eit
395 2759 615 2830 determinare
637 2765 768 2848 aliquod
790 2766 936 2830 Verbum
966 2766 1053 2847 quod
1079 2765 1152 2830 nul·

331 2866 397 2931 lius
411 2870 462 2931 est
479 2865 616 2943 numeri,
629 2871 666 2930 ut
680 2855 959 2946 dicendorteyere
973 2863 1087 2941 semet,
1099 2864 1152 2929 vel

332 2985 456 3034 amare
478 2969 541 3045 bis,
564 2971 629 3044 ter,
649 2971 773 3049 quater
777 2987 791 3049 ,·
804 2968 861 3031 sed
876 2965 949 3031 ideo
964 2965 1085 3032 dieitur
1099 2965 1152 3032 de·

334 3073 510 3138 terminare
525 3071 670 3138 Verbum
687 3069 813 3137 ratione
834 3071 988 3148 numeri,
1003 3067 1082 3154 quia
1097 3069 1152 3135 de·
1205 3155 1207 3162 y

334 3173 488 3241 terminat
509 3194 578 3240 rem
600 3175 702 3241 Verbi
724 3173 851 3241 ratione
882 3191 1054 3239 mensurae
1083 3172 1154 3239 dis·

334 3282 462 3356 cretae,
484 3276 577 3344 euius
600 3277 723 3362 speeies
738 3284 787 3343 est
802 3295 969 3342 uumerus
975 3295 989 3359 ;
1008 3276 1060 3341 vel
1079 3276 1153 3372 idea

334 3380 411 3464 qnia
434 3385 659 3464 repraesentat
674 3378 862 3445 rem-Verbi
878 3397 949 3444 esee
968 3380 1153 3459 iteratam;

334 3483 436 3547 etsie
459 3487 534 3547 sunt
555 3482 617 3546 ista
642 3481 815 3558 Adverbia,
831 3469 894 3557 bis,
917 3483 983 3556 ter,
1006 3482 1131 3560 quater
1138 3497 1152 3561 ,·

335 3584 387 3652 vel
409 3581 634 3669 repraesentat
657 3602 724 3649 rem
747 3581 849 3648 Verbi
872 3598 944 3648 esee
966 3582 1155 3647 iteratione

391 3807 443 3875 tt)
461 3806 520 3859 vid.
539 3805 625 3860 teate.
643 3804 744 3860 statut.
768 3803 880 3856 Distinet
898 3816 923 3855 v.
942 3801 1089 3868 Quantitas,
1108 3805 1156 3852 etc.
