3096 4528
611 754 614 760 ⁶
649 765 651 772 '
699 751 826 824 ‘3142
849 786 889 820 .-

387 886 421 951 in
433 885 565 970 speciali
580 886 674 950 m'odo
685 873 955 959 determinando,
966 888 999 946 et
1010 887 1159 962 potestas
1172 884 1205 946 in

388 986 618 1052 Coniunctione
638 986 671 1050 in
693 982 825 1067 speciali
847 984 942 1048 modo
961 984 1205 1064 oooioopeodi,

387 1092 421 1153 et
445 1101 547 1152 ¹casus
577 1087 610 1151 in
632 1083 872 1168 Praepositione
898 1084 931 1148 in
956 1083 1089 1167 speciali
1104 1083 1206 1154 modo

353 1247 355 1253 ,
388 1183 945 1270 contrahendi}l·sic·-sipnificoiio
975 1184 1206 1250 interiectionis

388 1287 531 1353 consistit
545 1285 731 1369 inspeciaii
742 1287 838 1350 modo
853 1286 1122 1362 determinaodi,
1137 1303 1220 1365 spe·

388 1381 664 1456 eiciam-'motum
684 1390 723 1452 o'oo
737 1389 858 1452 animo
872 1390 1148 1468 repraesentans.
1164 1387 1206 1450 lit

389 1491 449 1554 hoc
470 1487 947 1572 consistitinquatuor'modis,
962 1492 1000 1552 ut
1014 1487 1121 1552 visum
1144 1494 1205 1553 cst.

390 1593 431 1656 Et
445 1591 517 1658 ideo
532 1592 818 1676 sipiificationon
839 1595 898 1656 est·
910 1589 1060 1656 accidens
1075 1589 1207 1656 Interie-

390 1693 521 1770 ctionis3·
536 1693 600 1759 nisi
620 1692 704 1760 sicut
726 1691 903 1760 visum'est
925 1693 965 1758 de
987 1691 1069 1758 aliis.

476 1794 662 1865 osas-ltooio
685 1793 859 1882 praedictae
884 1792 1111 1863 divisionis-
1134 1795 1225 1860 Sui-¹

390 1897 539 1964 ficientia-
552 1897 689 1974 istarum
704 1897 886 1981 specierum
901 1897 947 1962 sic
963 1901 1069 1980 potest
1084 1896 1206 1981 accipi:

390 2009 470 2064 cum
480 1985 658 2065 interiectio
672 2000 868 2064 determinat
884 1999 1041 2077 Verbum,
1055 2003 1088 2064 et
1102 1999 1207 2083 expri-

390 2101 582 2168 mitmotus
613 2106 646 2167 et
675 2101 859 2167 affectiones
889 2101 922 2166 in
951 2101 1073 2180 anima,
1102 2106 1208 2186 potest

389 2193 745 2286 ergo-anima'moveri
768 2203 856 2270 circa
879 2207 1134 2280 convenientia,
1156 2185 1224 2268 vel'

390 2304 577 2372 circaeon
606 2308 858 2383 convenientia,
891 2307 942 2372 vel
975 2304 1064 2372 circa
1093 2306 1206 2374 modio

388 2407 488 2472 modo
511 2425 546 2471 se
568 2405 728 2472 habentia.
752 2405 785 2473 Si
806 2409 894 2473 circa
910 2407 1146 2486 convenientia,
1160 2407 1207 2473 sic

390 2514 465 2572 sunt
480 2507 719 2572 Interiectiones
734 2509 886 2573 loetitiae
893 2528 906 2588 ;
921 2510 949 2572 si
964 2508 1052 2573 circa
1065 2509 1128 2573 non'
1138 2527 1209 2574 con·

389 2607 561 2697 venientia,
577 2608 636 2671 hoc
657 2612 706 2671 est
721 2607 911 2689 dupliciter:
934 2609 986 2671 vel
1007 2610 1127 2673 cadunt
1148 2609 1209 2673 sub
1234 2609 1242 2678 ἕ.

391 2712 519 2790 tempus
540 2724 714 2790 praesens·
727 2712 759 2772 et
788 2707 835 2772 sic
864 2713 940 2772 sunt
969 2708 1209 2774 Interiectiones

389 2807 538 2891 doloris;
561 2808 612 2872 vol
634 2807 694 2898 sub
716 2808 876 2886 futurum,
897 2813 930 2873 et
952 2808 999 2874 sic
1021 2814 1097 2874 suni
1112 2813 1210 2874 inter·

390 2907 541 2975 iectiones
563 2912 685 2986 motos,
704 2909 781 2994 quia
804 2911 845 2976 do
866 2910 1030 2994 praesenti
1051 2912 1209 2988 dolemus,

389 3014 422 3077 ct
443 3012 484 3077 de
506 3012 616 3078 tuturo
638 3011 790 3078 timemus
797 3033 807 3098 3
837 3013 866 3077 si
895 3018 1005 3078 autern
1028 3013 1137 3078 anima
1164 3014 1210 3078 as·

391 3113 500 3179 licitur
521 3117 609 3180 circa
639 3116 751 3181 medio
783 3115 883 3182 modo
914 3134 949 3181 se
978 3116 1140 3194 habentia,
1161 3116 1208 3182 sic

390 3221 466 3280 sunt
489 3215 726 3282 interiectiones
750 3219 1009 3283 admirationis.

391 3339 394 3344 ·
430 3359 432 3366 -
476 3317 659 3381 Notandum
682 3335 762 3399 ergo
782 3324 843 3395 est,
861 3320 946 3401 quod
962 3318 1209 3396 lnteriectiones,
1242 3332 1247 3340 ·

390 3420 422 3480 et
440 3415 525 3481 aliae
547 3423 658 3500 partes
679 3417 929 3497 indeclinabiles,
943 3437 1006 3483 non
1029 3424 1076 3484 tot
1097 3420 1208 3486 modos

390 3516 595 3600 significandi
617 3521 745 3598 babent,
766 3526 845 3605 quot
866 3526 977 3604 partes
991 3521 1208 3602 declinabiles,

390 3618 466 3704 quia
499 3619 718 3703 significatum
751 3623 896 3707 partium
933 3623 1206 3690 indeclinabilium

389 3721 503 3806 paucis
525 3723 671 3790 subsistit
691 3726 954 3810 proprietatibus,
970 3728 1026 3793 sed
1048 3726 1207 3811 significa,-
