3166 4528
309 885 433 955 scilicet
447 818 659 954 substantioe
682 823 733 955 vel
754 887 964 970 accidenter
975 845 1125 959 leontinis

310 993 361 1058 vei
381 991 507 1068 leonis,·
530 997 639 1058 tamen
659 992 731 1058 eius
752 992 970 1077 significatum
993 1013 1055 1062 non
1078 1003 1127 1064 est

309 1111 480 1161 commune
498 1099 651 1180 respectu
666 1093 806 1177 aliorum
822 1083 1126 1176 transcendentium,

311 1202 494 1280 quaesunt
516 1215 637 1274 annm,
653 1198 943 1280 recreentiquid,
965 1208 1125 1285 etrespe

310 1303 365 1388 ctu
380 1299 620 1382 privationum,
634 1304 667 1366 33
686 1301 905 1383 negationum,
920 1307 956 1366 ut
971 1303 1062 1366 nihil
1076 1310 1125 1368 est

310 1418 372 1464 non
394 1419 468 1484 ens3
490 1418 570 1483 ergo
586 1419 647 1466 non
662 1403 759 1466 habet
774 1403 904 1466 modum
920 1401 1124 1484 significandi

309 1499 490 1565 communis
515 1501 722 1584 simpliciter3
744 1502 802 1565 sed
826 1503 1004 1566 Pronomen
1029 1504 1126 1567 habet

291 1601 444 1692 5=modum
473 1601 676 1684 significandi
709 1603 891 1667 communis
923 1602 1125 1687 simpliciter,

292 1707 460 1800 {respectu
481 1705 624 1769 omnium
645 1703 901 1786 significatorum
924 1706 1125 1789 specialium,

288 1806 342 1894 ¹<et
365 1803 670 1881 transcendentium,
691 1806 922 1896 privationum,
936 1813 969 1870 et
984 1806 1125 1888 negatio·

287 1889 295 1928 '³
310 1921 397 1980 num,
409 1899 495 1970 ’33333
509 1905 676 1970 Prisciano
687 1904 740 1989 (1),
759 1906 817 1989 qui
833 1905 921 1981 dicit,
936 1908 1023 1990 quod
1039 1909 1127 1972 Pro·
1181 1959 1183 1964 .

283 2022 433 2098 ¹vtovvten
461 2005 509 2070 ud
537 2025 636 2071 omne
664 2009 879 2086 suppositum
906 2009 1070 2088 pertinet,
1091 2005 1124 2071 id

282 2110 368 2180 test,
383 2107 425 2169 ad
444 2124 538 2170 omne
560 2108 780 2188 significatum
803 2125 839 2171 33
860 2108 1005 2172 extendit
1012 2128 1022 2190 3
1044 2126 1126 2188 orgo

282 2191 458 2273 {instantia
482 2207 630 2272 nulla.

280 2296 316 2394 ἶ·
392 2311 485 2378 quta
508 2311 596 2397 quod
618 2318 667 2378 est
692 2311 877 2394 notandum,
907 2312 995 2399 quod
1021 2311 1126 2380 onmis

277 2441 289 2510 5
306 2433 384 2502 pars
405 2417 563 2484 orationis
583 2422 633 2484 est
648 2436 705 2485 ens
720 2418 899 2485 secundum
914 2418 1093 2485 animam.
1085 2452 1126 2465 -

266 2557 271 2606 ς
271 2519 386 2585 ltem
408 2521 577 2588 sciendum
600 2529 659 2600 est,
681 2522 766 2606 quod
789 2538 909 2588 omnes
927 2519 1127 2636 privationes
1172 2518 1180 2606 3

308 2629 341 2687 33
364 2625 582 2705 negationes
573 2643 607 2688 rn
629 2643 664 2688 33
696 2631 791 2690 3333
803 2625 891 2690 entia
927 2624 1080 2707 positiva
1088 2623 1125 2688 in

309 2727 432 2801 anima,
448 2733 485 2789 ut
499 2726 622 2789 dictum
645 2733 693 2790 est
717 2727 806 2807 prius
817 2725 869 2806 (2).
884 2723 1062 2789 'Dicendum
1076 2730 1140 2788 333-
1175 2801 1183 2809 ,

308 2835 399 2905 ergo,
413 2826 501 2908 quod
523 2825 599 2890 licet
614 2825 730 2890 modus
745 2824 986 2889 indeterminati
998 2827 1065 2889 'non
1084 2823 1127 2888 sit
1168 2853 1171 2864 =

307 2927 469 3009 positivus
504 2926 646 3001 realiter,
679 2933 728 2990 est
762 2931 869 2989 tamur
900 2923 1061 3007 positivus
1094 2925 1127 2988 in
1170 2953 1181 2974 -ι

307 3027 433 3113 anima3
456 3033 489 3093 et
511 3030 571 3094 hoc
592 3026 713 3092 sufficit
735 3027 777 3092 ad
799 3027 1040 3092 distinctionem
1055 3045 1128 3111 par·
1156 3063 1180 3090 ,¹

309 3131 390 3195 tium
413 3131 580 3208 orationis,
602 3148 688 3213 quae
721 3134 797 3194 sunt
829 3128 914 3194 entia
948 3131 1126 3214 secundum

309 3231 462 3297 enimam.
486 3234 687 3297 Pronornen
708 3249 788 3312 ergo
815 3236 972 3311 estpars
996 3234 1128 3295 oratio·

308 3335 363 3397 nis
384 3329 584 3415 siqnificons
603 3353 670 3414 per
692 3333 834 3398 modurn
856 3351 899 3397 en
901 3335 956 3408 tis,
978 3335 1012 3397 et
1032 3333 1127 3396 inde·

311 3437 519 3498 terminatae
540 3435 838 3514 apprehensionis.

378 3672 415 3739 (t)
435 3670 489 3724 333.
508 3673 549 3723 te.
566 3672 602 3724 De
621 3670 785 3724 Pronomine.

317 3740 334 3769 ²
356 3754 415 3827 ’(3)
435 3759 508 3812 num.
526 3761 551 3811 v.
