3166 4528
390 713 421 730 Ἠ
465 703 468 714 r
598 715 601 726 Ι
757 711 773 722 a
835 707 870 720 ’.Δ
913 695 962 726 ’,ΑΙ
994 691 1025 722 tta
1074 697 1107 722 *νυ

512 722 547 752 Α,
864 722 882 740 “,
918 731 934 750 (Ι
966 717 1062 752 ','‹.!-
1137 726 1155 754 ,Δ

432 751 436 760 0
915 749 917 754 ’
966 753 986 764 ι’
1041 749 1139 772 ,int'r

825 803 827 812 l
1005 807 1011 818 ⁴
1083 795 1089 807 ἱ

509 767 904 860 -=-121—-.
1029 811 1110 852 w

380 919 422 982 Et
435 855 613 986 notandum
626 923 712 1004 quod
723 923 812 989 nulla
823 863 946 1022 speeies
951 869 1114 991 adverbii

296 1021 490 1090 determinat
511 1024 657 1091 Verbum
675 1025 735 1091 sub
750 1025 875 1093 ratione
889 1018 977 1094 modi
991 1023 1111 1112 sig'nill
1141 1093 1145 1100 .

296 1126 390 1194 naudi
411 1127 592 1195 essentialis
611 1123 886 1214 peneralissimi
877 1130 980 1216 ipsius
995 1129 1110 1216 Verbi3

297 1231 352 1296 sed
378 1231 439 1297 s'ub
467 1231 593 1299 ratione
622 1234 790 1299 modorum
819 1233 1036 1315 specialium,
1051 1233 1111 1342 vel

278 1335 576 1413 ‚accidentalium
599 1342 636 1403 ut
658 1336 763 1401 visum
784 1341 843 1402 est.

291 1431 293 1436 ’
380 1437 421 1500 Et
436 1439 614 1502 notandum
616 1439 721 1521 ,quod
736 1439 879 1503 Donatus
894 1437 1001 1521 posuit
1015 1456 1112 1521 quae

295 1536 371 1600 dam
389 1538 551 1602 Adverbia
566 1538 719 1622 specialia
731 1540 953 1620 personalia:
966 1557 1051 1622 quae
1066 1544 1113 1604 ta·

297 1654 369 1702 men
385 1637 545 1702 adverbia
568 1656 630 1704 nou
649 1644 734 1718 suut,
750 1657 809 1705 nee
822 1639 969 1704 Verbum
985 1639 1112 1705 ratione

285 1755 452 1820 personae
476 1739 693 1804 determinant
700 1761 710 1825 3
740 1740 818 1825 quia
847 1739 946 1805 etiam
976 1746 1111 1824 possunt

296 1839 429 1942 adiungi
449 1841 579 1919 Verbis,
600 1860 686 1923 quae
707 1847 783 1907 sunt
805 1841 927 1907 nullius
942 1840 1110 1927 personae,
1173 1903 1177 1908 .

296 1945 332 2004 ut
353 1940 503 2007 dicendo:
524 1943 652 2024 lapitas·
667 1961 813 2019 mecum,
829 1947 974 2008 amatur
990 1945 1110 2008 tecum
1126 2008 1130 2015 ,

276 2099 278 2110 .
296 2042 385 2106 Unde
406 2040 587 2120 dicendum,
602 2045 688 2127 quad
703 2044 881 2109 seeundum
896 2042 1112 2120 Priscianum,

276 2137 372 2206 “sunt
392 2144 582 2225 pronomina
604 2163 680 2209 cum
703 2144 939 2228 praepositione
959 2163 1018 2228 per
1039 2161 1113 2227 apo

277 2293 279 2300 .
297 2245 463 2328 stropham
486 2246 624 2329 prolata,
646 2249 678 2311 et
700 2245 870 2312 transitive
895 2264 970 2311 cum
993 2244 1112 2311 Verbis

272 2356 320 2415 'a
346 2350 451 2431 parte
477 2351 555 2433 post
583 2353 780 2417 oonstrueta.
803 2348 854 2416 sie
882 2348 982 2416 etiam
1011 2353 1112 2435 patet,

298 2453 383 2538 quod
399 2451 484 2519 sieut
499 2455 614 2520 modus
628 2453 818 2521 essentialis
832 2453 1114 2542 peneralissimns

269 2549 275 2576 ³
298 2556 462 2624 adverbii*
474 2557 631 2625 dividitur
652 2556 686 2624 in
704 2559 816 2626 modos
830 2556 1058 2636 subalternus,
1073 2557 1115 2623 ad

298 2662 411 2730 modos
439 2662 702 2743 specialissimos
724 2663 955 2740 descendendo,
977 2653 1133 2744 sie'pari*
1170 2748 1171 2757 ἵ

288 2757 394 2830 ‘modo
416 2765 615 2830 adverbium
638 2763 828 2848 simpliciter
849 2768 1017 2846 sumptum
1039 2761 1117 2826 divi·

298 2864 388 2932 ditur
410 2865 444 2930 in
467 2853 629 2932 adverbia
651 2865 814 2949 specialia.
861 2895 864 2901 ·

267 3004 270 3010 ·
384 2969 455 3035 162.
468 2966 620 3054 Epilogus.
636 2967 854 3033 -Dividitur
869 2971 980 3032 autem
996 2968 1118 3031 adver·

298 3070 398 3150 bium,
430 3071 536 3154 primo
572 3070 605 3134 iu
642 3069 840 3135 Ad'verbium
878 3070 1116 3135 determinans

297 3173 445 3239 Verbum
467 3173 592 3238 ratione
606 3174 806 3254 sianifieati,
821 3176 854 3235 et
868 3170 902 3235 in
917 3169 1117 3236 adverbium

271 3274 519 3347 „determinans
548 3274 694 3338 Verbum
717 3272 842 3337 ratione
857 3339 859 3342 ,
872 3271 960 3336 modi
989 3273 1118 3352 sipnifi·

299 3372 415 3440 candi.
435 3372 632 3438 adverbium
654 3371 876 3436 determinans
898 3371 1044 3435 Verbum
1068 3387 1119 3433 ra·-

299 3470 385 3536 tione
406 3473 594 3552 sipnificati
622 3468 840 3535 subdividitur
862 3468 896 3531 in
918 3467 1117 3532 adverbium

300 3570 378 3645 loci,
401 3573 615 3652 quantitatis,
638 3569 828 3651 qualitatis,
850 3574 884 3634 et
905 3567 1063 3635 vocandi.

384 3675 464 3740 Item
490 3671 690 3738 adverbium
720 3670 942 3738 determinans
971 3668 1118 3736 Verbum

299 3776 424 3843 ratione
439 3776 526 3844 modi
541 3775 763 3861 siqnifieandi
777 3773 995 3842 subdividitur
1008 3772 1043 3838 in
1058 3772 1120 3837 Ad·
1166 3821 1169 3830 .

1506 1255 1551 1309 i..

1505 1363 1572 1558 aas...

1504 1537 1567 1744 b

1506 1803 1548 1876 'a

1503 1897 1545 2026 Ξ

1503 2063 1540 2213 3

1502 2223 1534 2386 i
