3096 4528
338 878 493 962 positione
515 879 664 962 complet,
679 885 736 943 aut
750 875 867 956 niutat,
882 885 940 946 aut
963 873 1101 957 minuit,
1093 881 1172 947 sic

337 979 537 1059 etiamistae,
549 981 766 1057 utdtstraIw,
778 983 942 1060 ν’,ερνοὸο
953 982 1187 1126 repredt'or,

338 1081 587 1148 ethuiusmodi
668 1145 670 1150 ,
736 1109 738 1114 ’
950 1107 955 1126 ·
1004 1109 1017 1124 ·
1071 1068 1187 1166 ‹02252

421 1188 462 1249 nt
483 1185 599 1251 ultimo
620 1191 669 1252 est
691 1188 878 1264 notandum,
892 1188 988 1269 quod
1015 1143 1154 1272 Praepo-

302 1311 304 1316 ’
336 1287 489 1352 sitiones
481 1305 514 1351 1n
528 1288 758 1401 compositione
772 1306 836 1352 non
851 1293 927 1353 sunt
942 1307 1040 1355 verae
1042 1292 1159 1380 Prae.

336 1387 518 1471 positiones,
540 1389 618 1472 quia
640 1407 699 1472 per
714 1408 749 1454 se
767 1389 846 1454 nihil
868 1389 1063 1472 significant,
1078 1410 1160 1456 cum·
1184 1411 1188 1416 ·

336 1506 398 1554 non
419 1489 483 1554 siut
503 1509 563 1573 per
585 1509 621 1554 se
643 1490 810 1566 dictiones,
832 1509 891 1556 nec
916 1491 1015 1556 etiam
1038 1511 1097 1575 per
1119 1511 1154 1558 se

336 1591 464 1655 modurn
495 1590 700 1673 significandi
733 1592 853 1657 habent
860 1611 869 1674 3
900 1593 957 1657 sed
987 1592 1154 1657 adduntur

336 1691 408 1756 aliis
423 1692 614 1758 dictionibus
631 1698 799 1775 tamquam
815 1692 992 1774 sylla'bicae
1006 1684 1155 1758 adiectio·

336 1810 403 1869 nos,
426 1798 462 1857 ut
483 1797 564 1874 utet,
587 1797 658 1873 pte,
681 1798 713 1857 et
735 1793 931 1858 huiusmodi.
958 1797 1068 1868 Quare
1096 1810 1165 1865 ttu-¹

336 1898 401 1958 tem
416 1894 571 1960 habitudo
585 1895 637 1958 vei
651 1893 898 1959 circumstantia
913 1900 1162 1972 causarum-at,
1177 1889 1184 1902 '

338 1994 493 2059 tribuitur
522 1994 850 2078 Praepositionibus
879 1993 986 2077 magis
1015 1995 1155 2058 sortasse

337 2114 378 2160 ex
408 2095 644 2176 significatione
672 2095 962 2161 constructibilium
993 2099 1173 2160 extreme

311 2247 316 2268 ,s
335 2214 410 2261 rum
432 2196 569 2262 elicitur.
593 2198 675 2260 Nam
699 2195 900 2280 Praepositio
913 2203 1008 2262 extra
1027 2181 1185 2286 compo-J⁸

312 2297 496 2378 xsitionem,
512 2298 540 2364 si
561 2317 620 2383 per
642 2317 678 2365 se
700 2287 898 2383 proseratur,
914 2299 1004 2364 nulia
1020 2296 1157 2364 circum·

336 2400 457 2467 stantia
471 2420 649 2468 causarum
665 2420 724 2517 per
735 2419 809 2467 eam
824 2399 1030 2485 exprimitur,
1042 2418 1102 2466 nec
1115 2400 1162 2476 de,

299 2523 310 2579 ,·
336 2503 369 2570 vi
384 2505 482 2582 vocis,
505 2523 563 2572 nec
585 2506 626 2571 de
646 2504 680 2570 vi
702 2502 888 2646 significeti,
905 2522 963 2610 nec
976 2501 1061 2570 de
1033 2521 1065 2570 vt
1080 2503 1161 2572 cite¹

293 2603 302 2658 f
337 2609 408 2673 rius
431 2608 518 2675 modi
541 2608 815 2691 significandi.-
1087 2619 1143 2664 .·
1152 2632 1166 2658 5-

422 2712 464 2773 nt
451 2710 533 2773 tsic
557 2715 667 2792 patent
654 2709 777 2774 tmodi
799 2708 1004 2790 significandi
1019 2710 1157 2788 Praepo-

337 2809 472 2885 sitionis,
495 2809 552 2892 qui
575 2815 661 2883 sunt,
683 2813 716 2872 et
737 2814 817 2891 quot
832 2811 918 2882 sunt,
940 2810 973 2870 et
995 2824 1015 2870 a
1037 2806 1179 2889 qulbus.

337 2909 592 2995 proprietatibus
615 2914 798 2974 sumantur.

619 3099 745 3194 cinon*
759 3130 868 3192 xtul.
950 3079 955 3088 ’

441 3318 490 3381 De
512 3317 612 3381 modo
635 3316 858 3398 stpctficandt
879 3314 1054 3379 essentiali
1113 3312 1116 3317 ’
1162 3347 1164 3354 ,

471 3418 734 3500 pencroltssimo
757 3416 1023 3480 Interiectiom's.
1107 3476 1109 3479 .

425 3624 497 3688 181.
524 3618 705 3689 Interieciio.
738 3657 776 3668 —
808 3620 925 3685 Modus
954 3615 1159 3701 significandi

338 3724 528 3792 essentialis
541 3723 825 3807 peneroltssimus
840 3721 1159 3813 interiectionis-est
