<?xml version="1.0" encoding="UTF-8"?>
<!DOCTYPE html PUBLIC "-//W3C//DTD XHTML 1.0 Transitional//EN"
    "http://www.w3.org/TR/xhtml1/DTD/xhtml1-transitional.dtd">
<html xmlns="http://www.w3.org/1999/xhtml" xml:lang="en" lang="en">
 <head>
  <title>
</title>
<meta http-equiv="Content-Type" content="text/html;charset=utf-8" />
  <meta name='ocr-system' content='tesseract 3.04.00' />
  <meta name='ocr-capabilities' content='ocr_page ocr_carea ocr_par ocr_line ocrx_word'/>
</head>
<body>
  <div class='ocr_page' id='page_1' title='image "./grammaticaespec00scotgoog_0170.png"; bbox 0 0 3166 4528; ppageno 0'>
   <div class='ocr_carea' id='block_1_1' title="bbox 613 743 973 853">
    <p class='ocr_par' dir='ltr' id='par_1_1' title="bbox 613 743 973 853">
     <span class='ocr_line' id='line_1_1' title="bbox 613 743 973 853; baseline 0.01 -21.661"><span class='ocrx_word' id='word_1_1' title='bbox 613 761 864 853; x_wconf 79' lang='lat'>·.-125··</span> <span class='ocrx_word' id='word_1_2' title='bbox 876 799 880 816; x_wconf 53' lang='lat'>2-</span> <span class='ocrx_word' id='word_1_3' title='bbox 965 743 973 790; x_wconf 73' lang='lat'><strong>²</strong></span> 
     </span>
    </p>
   </div>
   <div class='ocr_carea' id='block_1_2' title="bbox 297 833 1139 2205">
    <p class='ocr_par' dir='ltr' id='par_1_2' title="bbox 297 833 1116 1187">
     <span class='ocr_line' id='line_1_2' title="bbox 297 833 1116 986; baseline 0.01 -21"><span class='ocrx_word' id='word_1_4' title='bbox 297 902 473 983; x_wconf 81' lang='lat' dir='ltr'>guifleaudi</span> <span class='ocrx_word' id='word_1_5' title='bbox 488 921 548 986; x_wconf 84' lang='lat' dir='ltr'>per</span> <span class='ocrx_word' id='word_1_6' title='bbox 548 833 690 968; x_wconf 75' lang='lat' dir='ltr'>uuodum</span> <span class='ocrx_word' id='word_1_7' title='bbox 701 921 772 968; x_wconf 82' lang='lat' dir='ltr'>esse</span> <span class='ocrx_word' id='word_1_8' title='bbox 785 850 944 985; x_wconf 67' lang='lat' dir='ltr'>speculis</span> <span class='ocrx_word' id='word_1_9' title='bbox 957 907 1116 983; x_wconf 76' lang='lat' dir='ltr'>actionis,</span> 
     </span>
     <span class='ocr_line' id='line_1_3' title="bbox 298 992 1134 1123; baseline 0.01 -59"><span class='ocrx_word' id='word_1_10' title='bbox 298 1003 349 1066; x_wconf 87' lang='lat' dir='ltr'>vel</span> <span class='ocrx_word' id='word_1_11' title='bbox 367 1005 560 1082; x_wconf 77' lang='lat' dir='ltr'><strong><em>passionis.</em></strong></span> <span class='ocrx_word' id='word_1_12' title='bbox 572 1008 613 1070; x_wconf 81' lang='lat' dir='ltr'>Et</span> <span class='ocrx_word' id='word_1_13' title='bbox 634 992 686 1069; x_wconf 82' lang='lat' dir='ltr'>hie</span> <span class='ocrx_word' id='word_1_14' title='bbox 707 1006 824 1071; x_wconf 88' lang='lat' dir='ltr'>modus</span> <span class='ocrx_word' id='word_1_15' title='bbox 846 1005 1013 1072; x_wconf 80' lang='lat' dir='ltr'>constituit</span> <span class='ocrx_word' id='word_1_16' title='bbox 1034 1003 1134 1123; x_wconf 78' lang='lat' dir='ltr'>Per</span> 
     </span>
     <span class='ocr_line' id='line_1_4' title="bbox 299 1103 688 1187; baseline 0.005 -20"><span class='ocrx_word' id='word_1_17' title='bbox 299 1103 446 1187; x_wconf 86' lang='lat' dir='ltr'>tieipium</span> <span class='ocrx_word' id='word_1_18' title='bbox 467 1105 688 1172; x_wconf 81' lang='lat' dir='ltr'>adieeiivum.</span> 
     </span>
    </p>

    <p class='ocr_par' dir='ltr' id='par_1_3' title="bbox 298 1139 1129 2205">
     <span class='ocr_line' id='line_1_5' title="bbox 386 1139 1129 1307; baseline 0.008 -37"><span class='ocrx_word' id='word_1_19' title='bbox 386 1206 457 1270; x_wconf 87' lang='lat'><strong>165.</strong></span> <span class='ocrx_word' id='word_1_20' title='bbox 469 1203 630 1307; x_wconf 70' lang='lat' dir='ltr'>participii</span> <span class='ocrx_word' id='word_1_21' title='bbox 645 1204 787 1275; x_wconf 80' lang='lat' dir='ltr'>edieuiivi</span> <span class='ocrx_word' id='word_1_22' title='bbox 801 1204 975 1275; x_wconf 81' lang='lat' dir='ltr'>divisio.-</span> <span class='ocrx_word' id='word_1_23' title='bbox 990 1211 1032 1273; x_wconf 80' lang='lat' dir='ltr'>Et</span> <span class='ocrx_word' id='word_1_24' title='bbox 1046 1139 1129 1276; x_wconf 86' lang='lat' dir='ltr'>sub·</span> 
     </span>
     <span class='ocr_line' id='line_1_6' title="bbox 300 1305 1139 1394; baseline 0.009 -23"><span class='ocrx_word' id='word_1_25' title='bbox 300 1305 457 1372; x_wconf 78' lang='lat' dir='ltr'>dividitur</span> <span class='ocrx_word' id='word_1_26' title='bbox 479 1309 540 1373; x_wconf 79' lang='lat' dir='ltr'>iste</span> <span class='ocrx_word' id='word_1_27' title='bbox 563 1310 678 1374; x_wconf 90' lang='lat' dir='ltr'>modus</span> <span class='ocrx_word' id='word_1_28' title='bbox 699 1328 771 1376; x_wconf 85' lang='lat' dir='ltr'>esse</span> <span class='ocrx_word' id='word_1_29' title='bbox 797 1310 951 1394; x_wconf 80' lang='lat' dir='ltr'>specialis</span> <span class='ocrx_word' id='word_1_30' title='bbox 980 1312 1139 1379; x_wconf 79' lang='lat' dir='ltr'>actionis</span> 
     </span>
     <span class='ocr_line' id='line_1_7' title="bbox 301 1409 1118 1493; baseline 0.009 -22"><span class='ocrx_word' id='word_1_31' title='bbox 301 1409 352 1472; x_wconf 89' lang='lat' dir='ltr'>vel</span> <span class='ocrx_word' id='word_1_32' title='bbox 374 1411 535 1491; x_wconf 78' lang='lat' dir='ltr'>passionis</span> <span class='ocrx_word' id='word_1_33' title='bbox 557 1411 590 1474; x_wconf 92' lang='lat' dir='ltr'>iu</span> <span class='ocrx_word' id='word_1_34' title='bbox 612 1416 754 1493; x_wconf 78' lang='lat' dir='ltr'>quatuor</span> <span class='ocrx_word' id='word_1_35' title='bbox 783 1412 898 1477; x_wconf 89' lang='lat' dir='ltr'>modos</span> <span class='ocrx_word' id='word_1_36' title='bbox 926 1412 1118 1478; x_wconf 80' lang='lat' dir='ltr'>essentiales</span> 
     </span>
     <span class='ocr_line' id='line_1_8' title="bbox 301 1510 1118 1595; baseline 0.005 -22"><span class='ocrx_word' id='word_1_37' title='bbox 301 1510 572 1588; x_wconf 80' lang='lat' dir='ltr'>specialissimos.</span> <span class='ocrx_word' id='word_1_38' title='bbox 607 1513 739 1576; x_wconf 86' lang='lat' dir='ltr'>Primus</span> <span class='ocrx_word' id='word_1_39' title='bbox 771 1516 822 1577; x_wconf 81' lang='lat' dir='ltr'>est</span> <span class='ocrx_word' id='word_1_40' title='bbox 851 1513 968 1578; x_wconf 90' lang='lat' dir='ltr'>modus</span> <span class='ocrx_word' id='word_1_41' title='bbox 993 1512 1118 1595; x_wconf 83' lang='lat' dir='ltr'>signifi-</span> 
     </span>
     <span class='ocr_line' id='line_1_9' title="bbox 300 1610 1117 1698; baseline 0.006 -22"><span class='ocrx_word' id='word_1_42' title='bbox 300 1610 395 1676; x_wconf 85' lang='lat' dir='ltr'>candi</span> <span class='ocrx_word' id='word_1_43' title='bbox 417 1629 476 1696; x_wconf 84' lang='lat' dir='ltr'>per</span> <span class='ocrx_word' id='word_1_44' title='bbox 498 1612 631 1678; x_wconf 89' lang='lat' dir='ltr'>modum</span> <span class='ocrx_word' id='word_1_45' title='bbox 653 1615 802 1680; x_wconf 77' lang='lat' dir='ltr'>aetionis</span> <span class='ocrx_word' id='word_1_46' title='bbox 825 1617 981 1698; x_wconf 75' lang='lat' dir='ltr'>tantum3</span> <span class='ocrx_word' id='word_1_47' title='bbox 1004 1622 1037 1680; x_wconf 79' lang='lat' dir='ltr'>et</span> <span class='ocrx_word' id='word_1_48' title='bbox 1065 1613 1117 1682; x_wconf 89' lang='lat' dir='ltr'>hie</span> 
     </span>
     <span class='ocr_line' id='line_1_10' title="bbox 298 1714 1115 1802; baseline 0.009 -23"><span class='ocrx_word' id='word_1_49' title='bbox 298 1714 414 1780; x_wconf 86' lang='lat' dir='ltr'>modus</span> <span class='ocrx_word' id='word_1_50' title='bbox 435 1715 603 1782; x_wconf 79' lang='lat' dir='ltr'>constituit</span> <span class='ocrx_word' id='word_1_51' title='bbox 625 1715 842 1802; x_wconf 77' lang='lat' dir='ltr'>Participium</span> <span class='ocrx_word' id='word_1_52' title='bbox 864 1718 906 1783; x_wconf 80' lang='lat' dir='ltr'>ab</span> <span class='ocrx_word' id='word_1_53' title='bbox 927 1720 1041 1785; x_wconf 79' lang='lat' dir='ltr'>activo</span> <span class='ocrx_word' id='word_1_54' title='bbox 1061 1717 1115 1786; x_wconf 90' lang='lat' dir='ltr'>de·</span> 
     </span>
     <span class='ocr_line' id='line_1_11' title="bbox 299 1818 1118 1901; baseline 0.006 -19"><span class='ocrx_word' id='word_1_55' title='bbox 299 1818 464 1896; x_wconf 85' lang='lat' dir='ltr'>seendens,</span> <span class='ocrx_word' id='word_1_56' title='bbox 479 1826 514 1884; x_wconf 81' lang='lat' dir='ltr'>ui</span> <span class='ocrx_word' id='word_1_57' title='bbox 531 1819 654 1901; x_wconf 62' lang='lat' dir='ltr'>dedens,</span> <span class='ocrx_word' id='word_1_58' title='bbox 669 1838 804 1886; x_wconf 80' lang='lat' dir='ltr'><strong><em>amans.</em></strong></span> <span class='ocrx_word' id='word_1_59' title='bbox 817 1856 858 1868; x_wconf 94' lang='lat'>-</span> <span class='ocrx_word' id='word_1_60' title='bbox 870 1821 1038 1886; x_wconf 75' lang='lat' dir='ltr'>Secundus</span> <span class='ocrx_word' id='word_1_61' title='bbox 1054 1838 1118 1888; x_wconf 86' lang='lat' dir='ltr'>mo·</span> 
     </span>
     <span class='ocr_line' id='line_1_12' title="bbox 298 1919 1118 2006; baseline 0.007 -23"><span class='ocrx_word' id='word_1_62' title='bbox 298 1920 360 1984; x_wconf 89' lang='lat' dir='ltr'>dus</span> <span class='ocrx_word' id='word_1_63' title='bbox 382 1919 433 1986; x_wconf 83' lang='lat' dir='ltr'>est</span> <span class='ocrx_word' id='word_1_64' title='bbox 454 1923 571 1988; x_wconf 85' lang='lat' dir='ltr'>modus</span> <span class='ocrx_word' id='word_1_65' title='bbox 585 1922 791 2005; x_wconf 79' lang='lat' dir='ltr'>significandi</span> <span class='ocrx_word' id='word_1_66' title='bbox 807 1941 867 2006; x_wconf 88' lang='lat' dir='ltr'>per</span> <span class='ocrx_word' id='word_1_67' title='bbox 887 1924 1018 1989; x_wconf 91' lang='lat' dir='ltr'>modum</span> <span class='ocrx_word' id='word_1_68' title='bbox 1038 1941 1118 2004; x_wconf 78' lang='lat' dir='ltr'>pas-</span> 
     </span>
     <span class='ocr_line' id='line_1_13' title="bbox 299 2023 1120 2104; baseline 0.004 -19"><span class='ocrx_word' id='word_1_69' title='bbox 299 2024 405 2087; x_wconf 79' lang='lat' dir='ltr'>sionis</span> <span class='ocrx_word' id='word_1_70' title='bbox 421 2025 577 2104; x_wconf 76' lang='lat' dir='ltr'>ienium3</span> <span class='ocrx_word' id='word_1_71' title='bbox 590 2031 623 2088; x_wconf 81' lang='lat' dir='ltr'>et</span> <span class='ocrx_word' id='word_1_72' title='bbox 638 2025 689 2088; x_wconf 84' lang='lat' dir='ltr'>hie</span> <span class='ocrx_word' id='word_1_73' title='bbox 704 2025 821 2090; x_wconf 89' lang='lat' dir='ltr'>modus</span> <span class='ocrx_word' id='word_1_74' title='bbox 835 2023 1004 2090; x_wconf 77' lang='lat' dir='ltr'>constituit</span> <span class='ocrx_word' id='word_1_75' title='bbox 1018 2023 1120 2088; x_wconf 80' lang='lat' dir='ltr'>Perti·</span> 
     </span>
     <span class='ocr_line' id='line_1_14' title="bbox 299 2123 1119 2205; baseline 0.005 -19"><span class='ocrx_word' id='word_1_76' title='bbox 299 2123 419 2205; x_wconf 85' lang='lat' dir='ltr'>cipium</span> <span class='ocrx_word' id='word_1_77' title='bbox 435 2142 456 2188; x_wconf 82' lang='lat' dir='ltr'>a</span> <span class='ocrx_word' id='word_1_78' title='bbox 472 2125 581 2189; x_wconf 82' lang='lat' dir='ltr'>Verbo</span> <span class='ocrx_word' id='word_1_79' title='bbox 597 2127 735 2204; x_wconf 76' lang='lat' dir='ltr'>passivo</span> <span class='ocrx_word' id='word_1_80' title='bbox 751 2126 960 2201; x_wconf 87' lang='lat' dir='ltr'>descendens,</span> <span class='ocrx_word' id='word_1_81' title='bbox 975 2129 1012 2189; x_wconf 82' lang='lat' dir='ltr'>ut</span> <span class='ocrx_word' id='word_1_82' title='bbox 1025 2142 1119 2190; x_wconf 83' lang='lat' dir='ltr'><strong><em>ama·</em></strong></span> 
     </span>
    </p>
   </div>
   <div class='ocr_carea' id='block_1_3' title="bbox 297 2224 1154 2904">
    <p class='ocr_par' dir='ltr' id='par_1_4' title="bbox 299 2224 1137 2418">
     <span class='ocr_line' id='line_1_15' title="bbox 301 2224 1137 2308; baseline 0.001 -21"><span class='ocrx_word' id='word_1_83' title='bbox 301 2226 365 2299; x_wconf 83' lang='lat' dir='ltr'>ius,</span> <span class='ocrx_word' id='word_1_84' title='bbox 388 2224 501 2290; x_wconf 72' lang='lat' dir='ltr'>lectus.</span> <span class='ocrx_word' id='word_1_85' title='bbox 517 2261 558 2272; x_wconf 90' lang='lat'>-</span> <span class='ocrx_word' id='word_1_86' title='bbox 574 2224 702 2290; x_wconf 81' lang='lat' dir='ltr'>Tertius</span> <span class='ocrx_word' id='word_1_87' title='bbox 717 2229 767 2290; x_wconf 80' lang='lat' dir='ltr'>est</span> <span class='ocrx_word' id='word_1_88' title='bbox 782 2227 899 2292; x_wconf 89' lang='lat' dir='ltr'>modus</span> <span class='ocrx_word' id='word_1_89' title='bbox 914 2224 1137 2308; x_wconf 73' lang='lat' dir='ltr'>significandi·</span> 
     </span>
     <span class='ocr_line' id='line_1_16' title="bbox 299 2323 1124 2418; baseline 0.004 -28"><span class='ocrx_word' id='word_1_90' title='bbox 299 2343 358 2410; x_wconf 86' lang='lat' dir='ltr'>per</span> <span class='ocrx_word' id='word_1_91' title='bbox 383 2323 515 2392; x_wconf 82' lang='lat' dir='ltr'>modum&#39;</span> <span class='ocrx_word' id='word_1_92' title='bbox 541 2329 700 2393; x_wconf 80' lang='lat' dir='ltr'>neutrius</span> <span class='ocrx_word' id='word_1_93' title='bbox 706 2347 719 2409; x_wconf 89' lang='lat'><em>;</em></span> <span class='ocrx_word' id='word_1_94' title='bbox 740 2333 773 2396; x_wconf 85' lang='lat' dir='ltr'>et</span> <span class='ocrx_word' id='word_1_95' title='bbox 794 2326 981 2394; x_wconf 86' lang='lat' dir='ltr'>huiusmodi</span> <span class='ocrx_word' id='word_1_96' title='bbox 1005 2327 1124 2418; x_wconf 79' lang='lat' dir='ltr'>medus¹</span> 
     </span>
    </p>

    <p class='ocr_par' dir='ltr' id='par_1_5' title="bbox 297 2415 1154 2896">
     <span class='ocr_line' id='line_1_17' title="bbox 298 2415 1144 2512; baseline 0.005 -19"><span class='ocrx_word' id='word_1_97' title='bbox 298 2429 464 2494; x_wconf 79' lang='lat' dir='ltr'>eonstituit</span> <span class='ocrx_word' id='word_1_98' title='bbox 476 2415 689 2512; x_wconf 76' lang='lat' dir='ltr'>Participium</span> <span class='ocrx_word' id='word_1_99' title='bbox 704 2447 724 2494; x_wconf 83' lang='lat' dir='ltr'>a</span> <span class='ocrx_word' id='word_1_100' title='bbox 739 2430 839 2494; x_wconf 83' lang='lat' dir='ltr'>verbo</span> <span class='ocrx_word' id='word_1_101' title='bbox 854 2432 979 2494; x_wconf 80' lang='lat' dir='ltr'>neutro</span> <span class='ocrx_word' id='word_1_102' title='bbox 990 2431 1119 2493; x_wconf 87' lang='lat' dir='ltr'>deseen-</span> <span class='ocrx_word' id='word_1_103' title='bbox 1135 2473 1144 2497; x_wconf 20' lang='grc' dir='ltr'>κ.</span> 
     </span>
     <span class='ocr_line' id='line_1_18' title="bbox 297 2530 1150 2606; baseline 0.004 -13"><span class='ocrx_word' id='word_1_104' title='bbox 297 2530 388 2604; x_wconf 89' lang='lat' dir='ltr'>dens,</span> <span class='ocrx_word' id='word_1_105' title='bbox 407 2534 444 2594; x_wconf 84' lang='lat' dir='ltr'>ut</span> <span class='ocrx_word' id='word_1_106' title='bbox 461 2533 567 2606; x_wconf 80' lang='lat' dir='ltr'>siuns,</span> <span class='ocrx_word' id='word_1_107' title='bbox 582 2547 740 2596; x_wconf 68' lang='lat' dir='ltr'>currens.</span> <span class='ocrx_word' id='word_1_108' title='bbox 764 2565 805 2578; x_wconf 96' lang='lat'>-</span> <span class='ocrx_word' id='word_1_109' title='bbox 825 2533 1040 2606; x_wconf 77' lang='lat' dir='ltr'>Quartusesi</span> <span class='ocrx_word' id='word_1_110' title='bbox 1054 2547 1119 2596; x_wconf 72' lang='lat' dir='ltr'>me</span> <span class='ocrx_word' id='word_1_111' title='bbox 1147 2555 1150 2560; x_wconf 91' lang='lat'>·</span> 
     </span>
     <span class='ocr_line' id='line_1_19' title="bbox 297 2628 1154 2718; baseline -0.001 -23"><span class='ocrx_word' id='word_1_112' title='bbox 297 2632 360 2695; x_wconf 90' lang='lat' dir='ltr'>dus</span> <span class='ocrx_word' id='word_1_113' title='bbox 374 2631 578 2713; x_wconf 82' lang='lat' dir='ltr'>significandi</span> <span class='ocrx_word' id='word_1_114' title='bbox 592 2650 652 2713; x_wconf 89' lang='lat' dir='ltr'>per</span> <span class='ocrx_word' id='word_1_115' title='bbox 667 2633 800 2695; x_wconf 88' lang='lat' dir='ltr'>modum</span> <span class='ocrx_word' id='word_1_116' title='bbox 816 2629 986 2712; x_wconf 73' lang='lat' dir='ltr'>utriusque</span> <span class='ocrx_word' id='word_1_117' title='bbox 994 2628 1100 2718; x_wconf 77' lang='lat' dir='ltr'>‘simul</span> <span class='ocrx_word' id='word_1_118' title='bbox 1108 2641 1118 2712; x_wconf 71' lang='lat'>;&#39;</span> <span class='ocrx_word' id='word_1_119' title='bbox 1146 2648 1154 2673; x_wconf 73' lang='lat'><em>³</em></span> 
     </span>
     <span class='ocr_line' id='line_1_20' title="bbox 298 2725 1148 2811; baseline -0.006 -17"><span class='ocrx_word' id='word_1_120' title='bbox 298 2738 331 2794; x_wconf 75' lang='lat' dir='ltr'>et</span> <span class='ocrx_word' id='word_1_121' title='bbox 352 2729 405 2794; x_wconf 86' lang='lat' dir='ltr'>hie</span> <span class='ocrx_word' id='word_1_122' title='bbox 426 2733 542 2795; x_wconf 88' lang='lat' dir='ltr'>modus</span> <span class='ocrx_word' id='word_1_123' title='bbox 559 2725 727 2795; x_wconf 74' lang='lat' dir='ltr'>constituit</span> <span class='ocrx_word' id='word_1_124' title='bbox 743 2730 957 2811; x_wconf 75' lang='lat' dir='ltr'>participium</span> <span class='ocrx_word' id='word_1_125' title='bbox 973 2745 994 2792; x_wconf 86' lang='lat' dir='ltr'><strong>a</strong></span> <span class='ocrx_word' id='word_1_126' title='bbox 1009 2728 1119 2792; x_wconf 86' lang='lat' dir='ltr'>Verbo</span> <span class='ocrx_word' id='word_1_127' title='bbox 1144 2781 1148 2789; x_wconf 94' lang='lat'>.</span> 
     </span>
     <span class='ocr_line' id='line_1_21' title="bbox 298 2829 1128 2904; baseline -0.008 -8"><span class='ocrx_word' id='word_1_128' title='bbox 298 2833 474 2896; x_wconf 72' lang='lat' dir='ltr'>commum·</span> <span class='ocrx_word' id='word_1_129' title='bbox 494 2831 702 2904; x_wconf 83' lang='lat' dir='ltr'>descendens,</span> <span class='ocrx_word' id='word_1_130' title='bbox 723 2835 760 2893; x_wconf 85' lang='lat' dir='ltr'>ut</span> <span class='ocrx_word' id='word_1_131' title='bbox 774 2831 982 2904; x_wconf 76' lang='lat' dir='ltr'>criminans,</span> <span class='ocrx_word' id='word_1_132' title='bbox 998 2829 1121 2893; x_wconf 81' lang='lat' dir='ltr'>crimi·</span> <span class='ocrx_word' id='word_1_133' title='bbox 1126 2851 1128 2856; x_wconf 89' lang='lat'><em>·</em></span> 
     </span>
    </p>
   </div>
   <div class='ocr_carea' id='block_1_4' title="bbox 297 2929 688 3009">
    <p class='ocr_par' dir='ltr' id='par_1_6' title="bbox 297 2929 688 3009">
     <span class='ocr_line' id='line_1_22' title="bbox 297 2929 688 3009; baseline -0.013 -11"><span class='ocrx_word' id='word_1_134' title='bbox 297 2935 412 3009; x_wconf 74' lang='lat' dir='ltr'>natus,</span> <span class='ocrx_word' id='word_1_135' title='bbox 434 2936 468 2996; x_wconf 82' lang='lat' dir='ltr'>et</span> <span class='ocrx_word' id='word_1_136' title='bbox 489 2929 688 2997; x_wconf 88' lang='lat' dir='ltr'>huiusmodi.</span> 
     </span>
    </p>
   </div>
   <div class='ocr_carea' id='block_1_5' title="bbox 384 2983 1160 3122">
    <p class='ocr_par' dir='ltr' id='par_1_7' title="bbox 384 2983 1160 3122">
     <span class='ocr_line' id='line_1_23' title="bbox 384 2983 1160 3122; baseline -0.005 -21"><span class='ocrx_word' id='word_1_137' title='bbox 384 3035 456 3102; x_wconf 88' lang='lat'><strong>166.</strong></span> <span class='ocrx_word' id='word_1_138' title='bbox 476 3031 685 3122; x_wconf 84' lang='lat' dir='ltr'>Epilogus.-</span> <span class='ocrx_word' id='word_1_139' title='bbox 645 3035 742 3098; x_wconf 83' lang='lat' dir='ltr'>-Et</span> <span class='ocrx_word' id='word_1_140' title='bbox 757 3033 805 3099; x_wconf 85' lang='lat' dir='ltr'>sic</span> <span class='ocrx_word' id='word_1_141' title='bbox 819 3036 919 3118; x_wconf 81' lang='lat' dir='ltr'>patet</span> <span class='ocrx_word' id='word_1_142' title='bbox 933 3032 1021 3117; x_wconf 90' lang='lat' dir='ltr'>quod</span> <span class='ocrx_word' id='word_1_143' title='bbox 1036 2983 1121 3099; x_wconf 79' lang='lat' dir='ltr'>sieut</span> <span class='ocrx_word' id='word_1_144' title='bbox 1157 3105 1160 3112; x_wconf 13' lang='grc' dir='ltr'><strong><em>Δ</em></strong></span> 
     </span>
    </p>
   </div>
   <div class='ocr_carea' id='block_1_6' title="bbox 299 3128 1122 3529">
    <p class='ocr_par' dir='ltr' id='par_1_8' title="bbox 299 3128 1122 3529">
     <span class='ocr_line' id='line_1_24' title="bbox 300 3128 1121 3220; baseline -0.007 -14"><span class='ocrx_word' id='word_1_145' title='bbox 300 3140 416 3206; x_wconf 90' lang='lat' dir='ltr'>modus</span> <span class='ocrx_word' id='word_1_146' title='bbox 444 3128 627 3204; x_wconf 80' lang='lat' dir='ltr'>essentialis</span> <span class='ocrx_word' id='word_1_147' title='bbox 655 3135 924 3220; x_wconf 81' lang='lat' dir='ltr'>generalissimus</span> <span class='ocrx_word' id='word_1_148' title='bbox 951 3133 1121 3220; x_wconf 78' lang='lat' dir='ltr'>Partieipii</span> 
     </span>
     <span class='ocr_line' id='line_1_25' title="bbox 299 3235 1121 3321; baseline -0.009 -13"><span class='ocrx_word' id='word_1_149' title='bbox 299 3241 486 3308; x_wconf 79' lang='lat' dir='ltr'>dividitur</span> <span class='ocrx_word' id='word_1_150' title='bbox 478 3259 512 3306; x_wconf 89' lang='grc' dir='ltr'>ιιι</span> <span class='ocrx_word' id='word_1_151' title='bbox 533 3243 646 3306; x_wconf 85' lang='lat' dir='ltr'>modes</span> <span class='ocrx_word' id='word_1_152' title='bbox 668 3239 883 3317; x_wconf 64' lang='lat' dir='ltr'>subalternus</span> <span class='ocrx_word' id='word_1_153' title='bbox 898 3240 940 3304; x_wconf 81' lang='lat' dir='ltr'>ad</span> <span class='ocrx_word' id='word_1_154' title='bbox 959 3235 1121 3321; x_wconf 77' lang='lat' dir='ltr'>specialis·</span> 
     </span>
     <span class='ocr_line' id='line_1_26' title="bbox 301 3338 1122 3422; baseline -0.01 -12"><span class='ocrx_word' id='word_1_155' title='bbox 301 3346 402 3410; x_wconf 88' lang='lat' dir='ltr'>simos</span> <span class='ocrx_word' id='word_1_156' title='bbox 426 3343 661 3419; x_wconf 76' lang='lat' dir='ltr'>descendendo,</span> <span class='ocrx_word' id='word_1_157' title='bbox 683 3340 730 3407; x_wconf 85' lang='lat' dir='ltr'>sic</span> <span class='ocrx_word' id='word_1_158' title='bbox 762 3340 861 3407; x_wconf 81' lang='lat' dir='ltr'>etiam</span> <span class='ocrx_word' id='word_1_159' title='bbox 895 3338 1122 3422; x_wconf 81' lang='lat' dir='ltr'>Participium,¹</span> 
     </span>
     <span class='ocr_line' id='line_1_27' title="bbox 300 3439 1122 3529; baseline -0.007 -20"><span class='ocrx_word' id='word_1_160' title='bbox 300 3445 491 3529; x_wconf 80' lang='lat' dir='ltr'>simpliciter</span> <span class='ocrx_word' id='word_1_161' title='bbox 524 3450 702 3527; x_wconf 87' lang='lat' dir='ltr'>sumptum,</span> <span class='ocrx_word' id='word_1_162' title='bbox 731 3442 889 3507; x_wconf 80' lang='lat' dir='ltr'>dividitur</span> <span class='ocrx_word' id='word_1_163' title='bbox 920 3440 955 3506; x_wconf 90' lang='lat' dir='ltr'>in</span> <span class='ocrx_word' id='word_1_164' title='bbox 987 3439 1122 3505; x_wconf 82' lang='lat' dir='ltr'>Partiei·</span> 
     </span>
    </p>
   </div>
   <div class='ocr_carea' id='block_1_7' title="bbox 302 3545 1143 3631">
    <p class='ocr_par' dir='ltr' id='par_1_9' title="bbox 302 3545 1143 3631">
     <span class='ocr_line' id='line_1_28' title="bbox 302 3545 1143 3631; baseline -0.005 -19"><span class='ocrx_word' id='word_1_165' title='bbox 302 3546 391 3631; x_wconf 89' lang='lat' dir='ltr'>pium</span> <span class='ocrx_word' id='word_1_166' title='bbox 421 3547 685 3624; x_wconf 73' lang='lat' dir='ltr'>substantivum,</span> <span class='ocrx_word' id='word_1_167' title='bbox 708 3551 741 3612; x_wconf 78' lang='lat' dir='ltr'>et</span> <span class='ocrx_word' id='word_1_168' title='bbox 762 3545 986 3622; x_wconf 82' lang='lat' dir='ltr'>adieeiivum,</span> <span class='ocrx_word' id='word_1_169' title='bbox 1009 3547 1042 3609; x_wconf 82' lang='lat' dir='ltr'>et</span> <span class='ocrx_word' id='word_1_170' title='bbox 1063 3559 1143 3608; x_wconf 86' lang='lat' dir='ltr'><strong><em>vo··</em></strong></span> 
     </span>
    </p>
   </div>
   <div class='ocr_carea' id='block_1_8' title="bbox 301 3645 1122 3834">
    <p class='ocr_par' dir='ltr' id='par_1_10' title="bbox 301 3645 1122 3834">
     <span class='ocr_line' id='line_1_29' title="bbox 301 3645 1122 3719; baseline -0.007 -1"><span class='ocrx_word' id='word_1_171' title='bbox 301 3653 464 3719; x_wconf 74' lang='lat' dir='ltr'>sativum.</span> <span class='ocrx_word' id='word_1_172' title='bbox 487 3648 691 3716; x_wconf 80' lang='lat' dir='ltr'>Adiectivum</span> <span class='ocrx_word' id='word_1_173' title='bbox 725 3647 946 3715; x_wconf 84' lang='lat' dir='ltr'>subdividitur</span> <span class='ocrx_word' id='word_1_174' title='bbox 974 3645 1007 3712; x_wconf 93' lang='lat' dir='ltr'>in</span> <span class='ocrx_word' id='word_1_175' title='bbox 1040 3646 1122 3713; x_wconf 81' lang='lat' dir='ltr'>acii·</span> 
     </span>
     <span class='ocr_line' id='line_1_30' title="bbox 302 3756 1077 3834; baseline -0.006 -14"><span class='ocrx_word' id='word_1_176' title='bbox 302 3773 397 3832; x_wconf 84' lang='lat' dir='ltr'>vum,</span> <span class='ocrx_word' id='word_1_177' title='bbox 417 3756 608 3834; x_wconf 76' lang='lat' dir='ltr'>passivum,</span> <span class='ocrx_word' id='word_1_178' title='bbox 631 3757 809 3830; x_wconf 75' lang='lat' dir='ltr'>neutrum,</span> <span class='ocrx_word' id='word_1_179' title='bbox 832 3757 865 3818; x_wconf 80' lang='lat' dir='ltr'>et</span> <span class='ocrx_word' id='word_1_180' title='bbox 887 3767 1077 3819; x_wconf 78' lang='lat' dir='ltr'>commune.</span> 
     </span>
    </p>
   </div>
   <div class='ocr_carea' id='block_1_9' title="bbox 1445 1254 1563 2516">
    <p class='ocr_par' dir='ltr' id='par_1_11' title="bbox 1445 1142 1563 2516">
     <span class='ocr_line' id='line_1_31' title="bbox 1445 1254 1563 2516; textangle 90"><span class='ocrx_word' id='word_1_181' title='bbox 1507 2487 1519 2516; x_wconf 90' lang='lat'><strong>·</strong></span> <span class='ocrx_word' id='word_1_182' title='bbox 1505 2414 1522 2444; x_wconf 91' lang='lat'><strong>·</strong></span> <span class='ocrx_word' id='word_1_183' title='bbox 1506 2117 1534 2363; x_wconf 56' lang='grc' dir='ltr'>-να</span> <span class='ocrx_word' id='word_1_184' title='bbox 1504 2041 1537 2070; x_wconf 76' lang='lat'><em>⁸</em></span> <span class='ocrx_word' id='word_1_185' title='bbox 1445 1785 1542 2001; x_wconf 56' lang='grc' dir='ltr'>ὡν</span> <span class='ocrx_word' id='word_1_186' title='bbox 1499 1254 1563 1722; x_wconf 52' lang='grc' dir='ltr'>εσνηῦςι·</span> 
     </span>
    </p>
   </div>
   <div class='ocr_carea' id='block_1_10' title="bbox 0 0 1594 4528">
    <p class='ocr_par' dir='ltr' id='par_1_12' title="bbox 0 0 1594 4528">
     <span class='ocr_line' id='line_1_32' title="bbox 0 0 1594 4528; baseline 0 0"><span class='ocrx_word' id='word_1_187' title='bbox 0 0 1594 4528; x_wconf 95' lang='lat' dir='ltr'> </span> 
     </span>
    </p>
   </div>
  </div>
 </body>
</html>
