3166 4528
734 771 785 830 ··'.
798 743 871 818 120¹
882 777 925 788 ..

422 881 579 964 importat
599 885 816 956 eventum‚··et
836 875 1000 960 signifieat
1019 895 1079 961 per
1104 875 1236 940 modum

386 993 389 997 “
421 990 573 1067 eventus;
593 976 635 1048 et·
649 982 722 1047 ideo
741 981 873 1064 oognito
894 980 1078 1064 significato
1092 978 1237 1063 speciali,

409 1083 629 1175 ¹oogu'osoitu'r
648 1084 827 1150 et'modus·
840 1083 1056 1167 significandi,
1076 1083 1153 1167 quia
1174 1099 1237 1147 non

421 1173 609 1272 discrepant
628 1190 812 1272 nisi-penes
838 1190 1009 1266 rationem,
1030 1187 1116 1252 siout
1139 1187 1237 1251 obso-

423 1290 534 1356 tutum
555 1297 589 1355 et
608 1294 898 1372 comparativam.

450 1417 457 1432 ·
508 1393 592 1458 161.·
603 1393 719 1458 Modus
739 1383 945 1476 signifleandi
958 1410 1019 1477 per
1033 1391 1167 1456 modum
1181 1391 1236 1455 do-

422 1492 626 1558 terminantis
640 1495 790 1559 ⁴verbum
816 1494 942 1559 ratione
972 1494 1081 1569 modi,
1105 1492 1164 1576 qui
1187 1501 1238 1557 est

422 1595 572 1674 qualitas
600 1595 830 1672 inclinationis,
854 1596 1073 1661 nrbdiriditur
1097 1595 1132 1660 in
1155 1595 1239 1660 dnos

423 1697 536 1760 modos
567 1686 829 1778 specialissimos
855 1699 939 1762 duas
966 1697 1090 1780 speeies
1118 1697 1239 1761 Adver-

423 1783 551 1859 biorum
583 1797 827 1872 oonstituentes,
855 1815 941 1877 quae
969 1803 1045 1860 sunt
1076 1796 1239 1859 Adverbia

424 1896 581 1974 optandi,
602 1900 636 1958 et
657 1897 834 1959 hortandi.
1250 1970 1254 1976 ,

509 1994 674 2059 Aduerbia
694 1996 864 2059 bortnndi
887 1995 1106 2059 determinant
1133 1994 1241 2058 inbae-

423 2093 564 2158 rentiam
578 2094 680 2159 Verbi
694 2095 756 2158 sub
773 2096 899 2160 ratione
917 2098 1174 2160 exhortationis
1188 2112 1243 2158 en·

424 2193 624 2277 primendae
646 2203 684 2260 ut
704 2198 774 2272 ein,
791 2214 866 2278 oye.
881 2196 1082 2260 adverbium
1097 2195 1241 2277 optandi

423 2297 620 2364 determinat
641 2298 877 2365 inhaerentiam
898 2299 1001 2364 Verbi
1029 2300 1092 2364 sub
1115 2298 1241 2364 ratione

424 2403 508 2480 noti,
530 2401 582 2467 vel
602 2402 841 2481 desidem-ut
861 2406 1007 2471 abnam.

509 2507 625 2572 Modus
639 2507 845 2590 significandi
866 2527 925 2592 per
947 2508 1080 2573 modum
1093 2508 1243 2574 determi-

424 2608 533 2672 nantia
553 2610 701 2674 Verbum
734 2610 796 2674 sub
824 2611 951 2675 ratione
977 2613 1143 2691 temporis
1171 2611 1243 2674 sub

424 2709 583 2774 dividitur
603 2711 639 2775 in
659 2712 742 2776 duos
763 2712 876 2777 modos
895 2713 1064 2796 speciales,
1077 2714 1162 2778 duas
1175 2731 1243 2796 spe

424 2810 491 2875 cies
512 2811 749 2876 Adverbiomm
767 2813 1008 2891 constituentes,
1028 2815 1165 2881 scilieet:
1180 2815 1244 2879 Ad·

425 2912 573 2977 verbium
607 2914 763 2998 temporis
791 2918 1100 2998 inter-royotioum,
1128 2923 1161 2982 et
1189 2935 1243 2982 re

425 3017 635 3095 sponsiones.
657 3016 858 3081 adverbium
876 3017 1033 3102 temporis
1046 3021 1244 3102 intmoyo·

426 3119 536 3182 tinum
558 3118 721 3201 signifieat
745 3137 807 3204 per
834 3120 968 3186 modum
995 3121 1243 3186 determinantia

408 3220 572 3284 uernum
604 3221 665 3284 sub
689 3222 816 3287 ratione
840 3223 1007 3306 temporis,
1028 3242 1088 3307 per
1108 3226 1241 3289 modum

425 3317 620 3400 inquirentis
641 3327 780 3404 tempus,
801 3329 840 3385 ut
861 3324 1019 3403 quando?
1041 3323 1242 3387 adverbium

425 3411 582 3503 temporis
601 3425 842 3500 responsiorum
857 3421 1021 3504 significat
1035 3441 1095 3506 per
1109 3424 1241 3487 modum

424 3519 670 3585 determinantia
705 3522 941 3589 inhaerentiam
977 3524 1080 3589 Verbi
1115 3524 1242 3589 ratione

425 3622 592 3707 temporis,
612 3624 673 3690 sub
695 3625 791 3690 modo
815 3627 1050 3711 respondentis,
1071 3634 1108 3693 ut
1136 3644 1242 3703 nune,

423 3743 550 3805 now,
571 3727 684 3793 bodie.
