3166 4528
315 921 377 985 dus
394 919 600 1003 significandi
621 941 679 1006 per
701 916 833 989 modum
848 907 1129 1008 esseindis'nntt's

316 1021 539 1087 asubstantia.
552 1022 647 1091 Circa
662 1026 748 1108 quod
763 1025 952 1114 notandum,
966 1027 1058 1110 quod,
1067 1043 1132 1092 mo·

316 1125 378 1188 dus
402 1143 472 1190 esse
493 1123 528 1188 in
550 1125 726 1208 participio
755 1132 789 1192 et
816 1123 982 1205 in.,Verb0
997 1125 1052 1191 -ab
1080 1117 1131 1191 ea‘·

294 1309 298 1322 ι
315 1227 388 1290 dem
410 1227 457 1291 rei
480 1225 680 1310 proprietate
697 1227 814 1306 oritur,
828 1246 914 1312 qnae
927 1217 1132 1311 est'proprie

316 1333 366 1392 tas
385 1331 504 1410 fluxus
525 1334 559 1394 et
580 1332 823 1413 successionis3
847 1335 880 1402 et
899 1323 1015 1396 inthoo
1036 1329 1131 1418 modo

314 1428 528 1512 Participium
550 1448 571 1494 a
593 1431 703 1496 Verbo
725 1449 789 1497 non
810 1429 974 1515 discrepat
987 1429 1075 1513 (1)...‘
1103 1437 1105 1443 '

275 1605 276 1610 ἵ
400 1530 515 1594 Modus
540 1533 875 1598 nutemtndistontis
897 1539 917 1597 a'
939 1529 1131 1608 substantia,

283 1673 285 1680 .
315 1649 371 1697 seu
393 1631 508 1697 modus
530 1633 623 1697 uniti
640 1631 853 1713 substantiae,
864 1631 1009 1702 sumitur
1023 1632 1065 1698 ab
1082 1648 1132 1697 ea·

315 1735 388 1800 dem
411 1734 459 1800 rei
481 1733 680 1818 proprietate
701 1733 735 1799 in
757 1733 945 1819 Partieipio,
965 1743 1067 1819 aqua
1082 1752 1133 1800 eu·

315 1837 415 1904 mitur
438 1840 552 1904 modus
573 1838 766 1904 adiacentis
780 1837 814 1902 in
828 1837 974 1917 Nomine,
995 1841 1028 1905 et
1045 1849 1133 1905 'oom-

309 1929 438 2021 positio
461 1942 494 2004 in
515 1941 642 2025 Verb0;
664 1946 697 2006 et
718 1942 799 2006 haec
821 1944 871 2005 est
885 1939 1070 2024 proprietas
1083 1941 1134 2003 in·

277 2059 280 2064 ·
315 2044 490 2108 haerentis
511 2043 617 2109 elteri
639 2044 826 2110 secundom
841 2061 920 2108 esse.
943 2044 985 2106 Et
1007 2044 1134 2106 nonest

315 2142 540 2210 inconveniens
562 2147 604 2210 ab
633 2147 747 2210 eadem
770 2144 819 2209 rei
840 2143 1041 2227 proprietate
1070 2159 1134 2206 mo·

314 2246 373 2310 dos
388 2245 593 2328 significandi
607 2245 764 2322 diversos,
779 2263 843 2310 non
857 2244 1032 2328 oppositos,
1042 2241 1133 2320 oriri,

278 2335 279 2341 ’
315 2364 391 2411 oum
425 2327 520 2412 modi⁸
545 2345 750 2430 significandi
783 2344 921 2430 oppositi
954 2344 987 2410 in
1019 2345 1133 2410 eadem

271 2449 273 2458 ⁴
315 2467 393 2515 voce
415 2448 537 2533 possint
564 2448 705 2514 fundari.
728 2450 770 2514 nt
799 2466 858 2532 per
874 2441 972 2533 'hune
1001 2446 1133 2512 modum

315 2550 533 2634 significandi,
553 2551 768 2635 Participium
790 2569 811 2616 a
833 2550 943 2615 Verbo
964 2547 1135 2630 distingui-

317 2658 382 2732 tur,
404 2658 437 2718 et
458 2671 518 2736 per
536 2653 643 2737 ipsum
660 2651 874 2736 participium
895 2650 930 2714 in
951 2668 1048 2714 suum
1063 2666 1136 2730 sup

316 2753 458 2838 positum
484 2754 518 2817 in
546 2752 784 2818 constructione
813 2757 846 2816 et
874 2750 908 2814 in
941 2748 1007 2813 situ
1025 2749 1134 2813 'colio-

316 2861 421 2920 catur.

400 2957 642 3037 Portieipium
664 2971 744 3037 ergo
770 2959 820 3019 est
846 2971 935 3034 pars
965 2950 1135 3018 orationis

316 3061 516 3145 siqnificoos
537 3078 604 3142 per
624 3058 863 3124 meduntense
892 3055 1091 3122 indistantis
1112 3063 1136 3118 'a

317 3165 521 3240 substantio,
543 3164 615 3228 sioe
637 3160 813 3228 unitionem
828 3160 1034 3235 substantia,
1050 3157 1137 3252 quod

316 3267 403 3334 idem
422 3271 482 3332 est.
497 3269 539 3330 Et
553 3264 672 3330 dicitur
684 3265 931 3347 participium,
947 3260 1043 3346 quasi
1055 3278 1138 3343 por·

319 3374 386 3436 tem
408 3368 563 3446 Nominis,
584 3375 617 3433 et
638 3372 766 3451 partem
782 3365 884 3431 Verbi
899 3367 1060 3447 eapiens5
1074 3379 1137 3427 non

317 3476 445 3554 partem
469 3470 695 3545 essentialem,
719 3468 752 3533 id
782 3472 841 3546 est,
871 3466 1003 3532 modum
1034 3481 1138 3530 esseae

319 3661 498 3673 *-

387 3794 425 3860 (4)
445 3794 503 3846 vro.
521 3806 544 3846 c.
558 3792 642 3863 xxv.

1503 2517 1518 2686 -.-
1504 2444 1521 2474 .
1505 2149 1535 2393 ..av-a
1505 2071 1538 2102 Ι
1505 1815 1545 2033 δυ.)
1503 1170 1570 1752 Ησνῆξίι-Η-
