3166 4528
426 862 609 960 ficationem
632 871 873 956 accidentalem,
905 878 952 944 sic
974 867 1099 942 dicens}
1128 877 1242 942 Genua

427 986 477 1062 cst
497 977 704 1064 s'iqnificctio
717 979 950 1054 ‘uendentolis
983 995 1061 1044 cam
1083 977 1243 1042 damanti-

426 1081 743 1148 nationa:in'o·ocl
774 1097 832 1168 or3.
861 1082 903 1146 da
976 1077 1156 1161 intelligere
1184 1095 1243 1161 per

426 1184 713 1266 siqnificotionem
727 1181 906 1248 occidente
921 1199 986 1256 em,
999 1180 1132 1243 modum
1147 1177 1243 1260 signi·

429 1283 594 1348 flcativum
606 1285 840 1358 transeuntis,
863 1286 900 1346 ut
921 1281 1043 1346 dictum
1058 1286 1120 1355 ast,
1135 1279 1243 1356 idest,

403 1382 744 1463 Jdcpntdenliocad-
761 1377 938 1466 quemlibet
971 1379 1140 1464 obliquum
1165 1381 1261 1459 post,

427 1503 472 1550 sc.
495 1487 559 1549 Per
580 1483 880 1549 determinationem
896 1484 929 1548 in
952 1483 1040 1547 ovel
1063 1483 1096 1547 in
1116 1498 1171 1558 or,
1187 1481 1251 1555 dat¹

428 1585 755 1669 intelligere.species
775 1585 914 1668 'generis
947 1603 1089 1670 quarum
1110 1581 1264 1678 diversi-²

429 1693 480 1756 tas
503 1688 646 1753 maxime
667 1690 845 1756 attenditur
867 1707 966 1773 penes
981 1689 1070 1754 vocis
1093 1689 1244 1762 termina·

430 1791 559 1868 tionem,
581 1790 759 1855 secundum
781 1789 1029 1868 Grammaticos,
1050 1795 1085 1855 ut
1111 1790 1243 1874 patebit.

445 1961 447 1966 ,
485 1953 488 1960 ,
513 1892 707 1966 Notandum,
728 1892 814 1973 quod
846 1892 925 1955 baec
950 1891 1095 1955 definitio
1116 1891 1245 1973 generis

428 2009 491 2070 uon
520 1999 571 2055 est
596 1993 773 2073 sonniolis,
804 1994 878 2070 sed,
894 1993 1098 2056 materialis.
1134 1992 1246 2056 Genus

429 2094 514 2158 enim
547 2111 609 2157 non
641 2099 690 2158 est
722 2093 905 2158 formaliter
925 2095 1147 2176 siqnificotio,
1170 2091 1246 2177 quia

429 2214 514 2262 unus
546 2196 662 2270 modus
696 2214 759 2261 non
791 2202 841 2262 est
873 2197 969 2276 alius,
992 2197 1048 2262 sed
1069 2215 1176 2280 qenais
1198 2201 1248 2262 ast

430 2301 526 2385 quasi
559 2301 701 2385 qualitas
734 2302 998 2385 siqnificationis
1028 2299 1248 2367 determinans

430 2404 499 2468 sive
513 2405 713 2485 specificans
732 2406 1029 2486 siqnificctionam.
1050 2405 1140 2484 Sicut
1161 2404 1247 2468 enim

430 2505 584 2568 sehabet
614 2504 730 2568 modus
752 2505 854 2568 Verbi
884 2507 926 2569 ad
956 2507 1247 2584 compositionem,

430 2605 478 2665 sic
501 2620 537 2667 se
558 2604 654 2668 habet
674 2622 781 2684 qenais
804 2605 845 2668 ad
865 2606 1162 2686 significationem.
1186 2605 1247 2670 Sed

430 2703 551 2767 modus
573 2703 674 2784 Verbi
705 2712 846 2770 nonest
872 2705 1054 2770 formaliter
1081 2707 1249 2786 composi·
1277 2741 1280 2747 -

431 2804 491 2876 tio,
507 2803 558 2866 vel
573 2803 767 2878 inclinatio,
791 2805 848 2867 sed
870 2806 1013 2886 qualitas
1035 2808 1252 2885 compositio·

429 2904 497 2978 nis,
520 2903 568 2969 vel
591 2903 841 2982 inclinationis,
856 2909 893 2967 ut
911 2903 1033 2970 dictum
1054 2911 1105 2970 est
1119 2905 1171 2990 (l).
1194 2905 1247 2970 Sic

429 3009 535 3087 oenus
566 3022 627 3070 non
657 3014 707 3070 ost
736 3005 917 3072 formaliter
937 3009 1159 3090 siqnificatio,
1189 3008 1246 3074 sed

431 3107 572 3190 qualitas
590 3109 852 3192 siqnificotionis
872 3110 979 3194 ipsam
998 3111 1193 3176 contrahens
1214 3117 1247 3176 et

430 3207 657 3302 disponens..¹
776 3229 794 3270 μ
829 3239 844 3268 .-
900 3245 903 3250 »

515 3315 605 3391 item,
617 3315 712 3386 sicut
730 3316 854 3380 modus·
873 3316 1085 3400 consequitur
1101 3316 1246 3382 Verbum
1294 3401 1298 3408 .

430 3416 554 3480 ratione
575 3418 914 3498 concomitantiam
940 3437 1048 3502 nenas
1077 3421 1246 3504 consequi·

430 3523 492 3583 tur·
513 3518 658 3584 Verbum
682 3520 807 3586 ratione
829 3522 1103 3604 significationis.
1131 3523 1172 3586 llt
1195 3540 1246 3588 vo

474 3740 535 3807 n)
554 3711 582 3794 n.
602 3687 681 3794 aar.¹
758 3697 762 3714 ’
