3166 4528
624 769 757 832 .-2129
780 801 820 816 —
870 789 922 804 =
1084 768 1097 796 '¹

320 900 433 966 modus
452 901 655 984 significandi
671 919 731 985 per
746 903 1133 989 modumeortitmyentis

317 1003 385 1068 duo
407 992 580 1068 eoiremu.
598 1004 638 1066 ut
661 1001 802 1069 sumitur
825 1006 886 1070 iste
901 1006 1018 1072 modus
1036 1009 1134 1094 signi

318 1104 435 1170 fleendi
457 1123 475 1170 u
497 1107 697 1189 proprietate
719 1106 945 1188 coniungentis
968 1115 1000 1173 et
1027 1109 1135 1175 unien-

317 1209 359 1273 tis
382 1208 411 1273 in
435 1209 531 1274 rebus
550 1212 654 1274 extra.
674 1209 875 1276 Coniunctio
891 1228 972 1293 ergo
986 1216 1133 1292 estpars

319 1313 499 1386 orationis,
530 1330 598 1391 per
627 1311 767 1376 modum
797 1313 1036 1394 contendentis
1065 1314 1134 1379 duo

318 1414 474 1476 emirema
497 1414 708 1492 siyoificaos.

403 1514 474 1575 171.
490 1509 710 1578 doniunobionis
725 1510 803 1578 modi
818 1510 999 1580 subalterni.
1013 1552 1054 1562 —
1070 1515 1135 1580 Sub

318 1612 412 1677 modo
434 1613 607 1678 essentiali
627 1614 891 1694 yeneralissimo
917 1615 1136 1682 coniunctio·

317 1715 383 1791 reis,
405 1715 445 1779 ad
469 1716 582 1780 modos
604 1715 832 1793 subalternos,
855 1735 914 1800 per
940 1718 1134 1783 divisionem

318 1816 559 1882 descendamus.
590 1817 752 1883 Dividitur
781 1823 893 1884 autem
924 1819 985 1884 iste
1019 1821 1134 1886 modus

269 1939 288 1961 ’·
318 1920 554 2000 σοηὶιιηροιιιίε
575 1920 643 1985 deo
666 1924 826 1985 eoetrema
849 1922 882 1985 in
905 1923 1037 1988 modum
1060 1940 1135 1988 con·

319 2019 480 2102 iungentis
501 2021 568 2086 duo
589 2029 734 2086 extrema
754 2020 822 2102 ner
844 2025 930 2100 vim,
952 2027 986 2088 et
1011 2023 1043 2086 in
1072 2041 1135 2088 mo

300 2122 397 2215 {dum
411 2124 637 2205 coniungentis
647 2125 712 2188 duo
728 2132 874 2189 extrema
883 2144 950 2205 per
963 2126 1133 2191 ordinem.

1520 1173 1537 1234 5-—ae

288 2218 359 2314 {Et
380 2225 439 2288 hos
460 2225 542 2289 duos
566 2227 677 2290 modos
700 2227 844 2291 Donatus
870 2228 1016 2311 appellat
1039 2223 1143 2309 pote:
1166 2315 1168 2322 Ι

298 2320 429 2408 {suites
453 2327 493 2391 ut
516 2327 612 2393 habet
627 2345 662 2392 se
678 2327 829 2394 similiter
841 2330 1018 2410 potestus
1009 2347 1043 2394 m
1057 2330 1135 2395 Con·

284 2415 489 2516 {iunctione
502 2430 586 2494 siout
601 2432 831 2511 sionifioutio
823 2449 855 2494 m
867 2430 1040 2496 Aduerbio.
1053 2432 1150 2495 Nam·

294 2528 401 2595 sient
412 2532 645 2613 εἱριιὶῇοαίίο
637 2550 669 2595 m
682 2531 846 2596 Aduerbio
856 2530 1027 2597 consistit
1019 2550 1052 2596 m
1067 2549 1136 2616 spe

280 2591 310 2692 Ι
318 2632 393 2722 eiali
426 2633 520 2696 modo
546 2632 805 2696 determinando·
819 2631 885 2714 (1),’
908 2633 956 2696 sio
984 2635 1149 2711 potestus·

311 2731 351 2796 in
367 2733 605 2798 coniunctione
637 2733 785 2796 consistit
814 2734 847 2794 in
876 2731 1010 2813 speciali
1042 2731 1136 2794 modo

318 2833 560 2914 coniunqeodi
584 2833 624 2894 Et
646 2831 829 2894 istiusmodi
853 2829 982 2895 modus
996 2835 1046 2894 est
1073 2847 1137 2894 mo·
1163 2887 1166 2895 .

307 2933 379 2998 dus
400 2932 616 3015 coniungendi
636 2950 703 3012 per
724 2935 810 3008 vim,
832 2935 865 2997 et
877 2949 945 3012 per
964 2931 1135 2996 ordinem.
1163 2954 1166 2960 ·

318 3038 368 3102 Ex
400 3036 460 3116 hoo
492 3041 596 3119 patet,
628 3035 716 3118 quod
748 3036 897 3116 potestus
932 3035 963 3098 in
998 3036 1162 3101 Conium

317 3142 422 3206 ctione
444 3157 506 3205 non
528 3145 577 3204 est
610 3138 724 3203 modus
753 3137 958 3221 significandi
981 3138 1137 3206 arrideo·

320 3245 410 3320 telis,
441 3244 502 3307 uisi
525 3249 708 3327 protento,
731 3241 807 3324 quia
831 3249 880 3306 est
913 3249 1007 3306 extra
1041 3243 1137 3306 ratio

308 3363 391 3410 nem
425 3347 666 3411 coniunctionis
700 3345 891 3426 simpliciter
924 3349 956 3408 et
990 3344 1137 3408 absolute

309 3454 476 3529 sumptae,
498 3452 535 3510 ut
556 3445 678 3510 dietum
701 3450 751 3509 est
772 3445 813 3508 de
843 3445 1082 3526 significatione
1104 3445 1136 3508 in

319 3546 492 3612 Aduerbio.

319 3687 497 3698 ——-——.

344 3781 347 3790 ·
387 3769 424 3833 (ι)
445 3770 501 3822 vu.
520 3783 576 3832 cap.
595 3770 710 3820 xxxiv.
739 3837 741 3842 Ι

1514 2664 1516 2680 ’
1513 2515 1523 2610 Ἣ
1511 2441 1526 2472 ‘
1514 2147 1540 2390 ’‘⁷“
1514 2069 1543 2098 ·
1514 1812 1550 2030 ⁸⁹⁸³
1515 1293 1574 1750 *aventer*
