3166 4528
414 793 415 796 υ
460 790 462 797 υ
653 706 924 802 ’Ἶ48
859 738 899 752 ·““
1061 787 1064 794 υ
1092 765 1096 780 ,

382 847 458 906 est
453 791 858 914 nomoncommuoo
793 793 945 903 Nomen
940 804 1019 920 crgo
1026 809 1222 917 'proprium

360 947 601 1026 capnomen
616 949 675 1018 ost,
698 941 787 1022 quod
806 942 1010 1020 impositum
1025 941 1076 1002 est
1095 939 1152 1030 rei
1174 938 1223 1000 in

353 1041 583 1110 dividuae
590 1039 668 1114 suh
660 1043 896 1152 'proprietate
914 1040 1142 1120 parentali.

424 1143 555 1217 62
549 1119 795 1226 ignomin-‘-
796 1142 979 1224 Quartus
1014 1140 1129 1204 modus
1162 1155 1223 1218 ap·

360 1243 608 1322 propriata
614 1249 664 1305 est
681 1240 835 1330 modus
845 1240 1057 1320 significandi
1074 1256 1134 1320 pei
1156 1255 1224 1302 mo·

351 1327 512 1428 υι]ἷ·]ιιι
498 1325 758 1432 appaminis,
762 1346 924 1421 sumptus
965 1355 984 1400 a
1021 1338 1223 1419 proprietate

353 1411 567 1519 euentum
574 1445 613 1503 et
625 1441 692 1514 hic
703 1421 818 1504 modus
832 1440 998 1503 constituit
1020 1454 1145 1514 nomen
1153 1452 1235 1520 pro-3

353 1541 518 1638 prium
540 1559 722 1624 apotomen,
744 1549 792 1606 ut
809 1541 917 1625 Scipio
947 1541 1141 1623 Africanus
1168 1553 1237 1604 n0·.

350 1711 353 1718 ,
412 1644 553 1710 minatus
574 1650 634 1721 est,
649 1644 727 1728 quin
742 1661 784 1709 ex
799 1641 915 1710 svintu
931 1642 1050 1708 devicit
1067 1641 1222 1708 Africam.
1238 1715 1242 1724 ¹

410 1749 532 1812 Nomen
555 1763 635 1829 ergo
654 1749 845 1826 proprium
867 1765 1037 1829 opnomen
1058 1753 1118 1822 est,
1133 1744 1240 1836 quoa

353 1907 355 1910 .
351 1851 611 1940 impositum
644 1853 694 1916 est
725 1851 781 1914 rei
813 1849 1017 1913 individuae
1049 1850 1111 1914 sub
1141 1844 1253 1936 pro

354 1955 560 2076 prietate
582 1954 729 2018 eventus.

441 2053 547 2116 63.
572 2055 666 2120 Patet
688 2069 779 2133 ergo,
801 2054 870 2135 qui,
893 2061 923 2116 et
947 2058 1027 2133 quot
1041 2058 1117 2115 sunt
1140 2051 1255 2120 modi
1260 2051 1262 2060 ’

350 2175 355 2240 3
412 2133 616 2235 significandi
640 2153 786 2219 Nominis
812 2153 1017 2230 essentiales,
1038 2151 1254 2237 pancratis·
1269 2172 1273 2178 ·

350 2275 355 2296 ‘-
411 2259 505 2334 simi,
527 2256 780 2338 spectatissimi,
795 2263 828 2321 et
843 2248 1055 2338 subalterni,·
1075 2263 1107 2320 et
1132 2272 1260 2350 quasi

412 2367 443 2426 ct
458 2366 538 2446 quot
553 2365 630 2425 sunt·
644 2361 771 2444 specics
786 2359 931 2426 Nominis
945 2377 1004 2444 poc
1018 2359 1147 2426 eosdem
1165 2373 1256 2424 mc
1253 2403 1259 2432 ,

354 2463 473 2527 dos
496 2463 700 2527 constitutae.
1252 2433 1267 2522 ι

498 2561 804 2628 cinnamomum
826 2560 1005 2628 divisionum
1027 2560 1227 2646 epilogus.-

349 2592 454 2724 Est
476 2636 662 2736 notandum,
685 2662 772 2743 quod
796 2663 880 2724 sicut
903 2663 1020 2725 modus
1040 2661 1229 2742 poneretis·

349 2761 351 2768 '
412 2761 519 2822 simus
541 2761 696 2836 Nominis,
718 2761 776 2844 qui
798 2765 848 2823 est
871 2761 987 2824 modus
1001 2764 1100 2834 e'ntis,
1115 2761 1228 2824 dividi·

350 2923 353 2938 ‚
413 2860 498 2922 tun
487 2877 521 2920 m
546 2858 657 2922 modos
672 2860 846 2937 speciales,
869 2860 1092 2925 descendendo
1107 2861 1149 2924 ad
1165 2876 1230 2923 mo

347 2965 354 3040 ξ
412 2960 472 3024 dos
493 2960 767 3040 specialissimos,
801 2962 848 3024 sic
881 2962 1002 3025 Nomen
1036 2961 1230 3044 simpliciter

348 3119 353 3126 .
412 3067 579 3144 sumptum
603 3062 635 3124 in
663 3079 722 3126 sna
752 3063 858 3144 prima
888 3063 1048 3127 divisione
1070 3062 1229 3126 dividitur

413 3163 447 3227 in
470 3179 584 3228 nomon
614 3179 794 3229 commune
826 3171 858 3227 et
891 3181 1006 3228 nomen
1027 3166 1227 3245 proprium.

345 3276 350 3291 ⁴
413 3265 534 3328 Nomen
558 3282 637 3329 veno
658 3282 839 3330 commuue
856 3266 904 3329 vel
920 3266 1169 3345 appellativum
1184 3265 1229 3328 di·

413 3365 542 3430 viditur
558 3367 590 3431 in
606 3367 815 3433 adieetioum
839 3372 871 3430 et
893 3368 1156 3433 scismaticum.
1172 3367 1230 3431 No

343 3505 382 3550 :.¹
415 3486 487 3532 men
510 3470 750 3534 substantivum
773 3469 931 3537 dividitur
960 3471 992 3535 in
1020 3486 1135 3534 nomon
1158 3469 1229 3534 suis

343 3625 346 3631 .
412 3572 587 3638 stantivum
616 3572 790 3657 penerote,
814 3579 847 3637 st
869 3573 901 3637 in
925 3589 1040 3638 nomen
1070 3571 1229 3654 spectate,

340 3697 346 3750 1
409 3663 707 3759 patronymicum,
730 3675 955 3753 collectivum,
985 3684 1017 3740 et
1048 3676 1228 3741 diminuti·

351 3885 390 3898 '¹'
411 3893 484 3928 ζ-ΡΙνι
544 3907 548 3922 ,
575 3889 582 3906 ἰ

358 3923 403 3961 ,υιη
430 3921 443 3960 ΙΙ,
515 3921 599 3963 1.,ΙΙΗ

360 3976 385 3995 rs
542 3975 547 3984 ⁴
575 3964 602 3978 ''
