3166 4528
396 871 584 934 sumuntur
599 864 884 949 utrobique,'lioet
910 865 1110 942 differenter,
1136 864 1216 947 quie

395 963 564 1062 numerus
586 972 624 1034 et'
636 959 787 1049 persone
812 967 923 1034 insunt
945 967 1066 1045 Verbo,
1088 983 1151 1031 uon
1174 984 1215 1031 ex

396 1073 696 1156 proprietatereuie
719 1062 767 1135 rei
788 1088 848 1152 per
862 1088 898 1135 so
913 1069 1085 1154 loquendo,
1100 1070 1158 1134 sed
1173 1087 1214 1134 ex

379 1234 381 1238 ,
395 1170 597 1255 proprietate
611 1173 665 1236 rei?
674 1173 845 1251 suppositi
848 1192 861 1253 ;
878 1171 964 1256 quod
977 1175 1068 1255 patet
1084 1172 1125 1235 de
1136 1187 1216 1249 per·

396 1289 490 1336 sono.¹
513 1274 595 1336 Nero
609 1275 765 1350 ⁴persono
780 1266 830 1335 est
844 1271 965 1336 modos
979 1270 1213 1352 sipnifiooneti,

372 1369 668 1453 ,uno‘r‘medionte
687 1357 854 1437 Verbum
880 1373 1137 1452 proprietatem
1167 1370 1214 1434 to·

398 1474 524 1555 uuerbe
545 1469 787 1568 'eonsipnifieot
811 1491 882 1538 non
902 1475 1143 1546 inhaerentem
1171 1472 1214 1537 de

397 1594 444 1654 se,
476 1576 534 1642 sed
565 1579 605 1642 nt
635 1594 692 1643 res
721 1577 825 1643 Verbi
846 1574 1066 1660 applicabitis
1088 1577 1139 1642 est
1158 1577 1214 1641 rei

397 1681 566 1760 suppositi
581 1681 791 1746 subsistentis
804 1698 871 1763 per
885 1698 920 1747 se
934 1679 1122 1748 seeundum
1134 1696 1215 1762 pro·

367 1837 374 1851 .
393 1783 561 1864 prietates
577 1783 747 1864 loquendi.
763 1784 853 1850 Unde
864 1801 1017 1866 persono
1032 1783 1116 1849 inest
1137 1785 1215 1849 Ver·
1267 1796 1270 1800 ·

398 1887 439 1952 bo
465 1902 507 1950 ex
540 1885 724 1969 aptitudine
753 1887 950 1950 attribuendi
976 1887 1144 1969 supposito
1165 1903 1215 1950 ee·

398 1987 540 2052 eundum
564 1987 689 2052 veriam
713 1988 966 2052 attributionem.
1269 1977 1274 1985 “

477 2090 556 2158 446.
579 2087 671 2157 Verbi
697 2106 833 2176 persone.
858 2127 897 2138 —
920 2091 1079 2156 Persona
1105 2095 1215 2156 autem

399 2191 500 2278 Verbi
513 2191 726 2274 distinguitur
740 2210 799 2275 per
815 2191 974 2276 triplicem
988 2193 1215 2270 differentiam,
1241 2195 1244 2201 '

399 2292 548 2358 scilieet:
573 2297 744 2374 primam,
773 2295 972 2372 seeundum,
1001 2300 1034 2360 et
1064 2297 1215 2361 tertiam.
1343 2307 1345 2310 ·

380 2393 386 2472 j
398 2395 489 2458 Unde
503 2394 584 2459 illud
594 2397 743 2460 Verbum
752 2394 893 2462 ¹dicimus
906 2414 977 2459 esse
988 2398 1130 2475 primae
1137 2413 1216 2475 per·
1245 2461 1247 2468 ,

400 2511 504 2559 ronne
524 2494 730 2570 attributum,
745 2495 832 2576 quod
853 2501 904 2559 est
926 2495 1119 2577 applicabile
1140 2514 1216 2578 sup-

399 2590 512 2674 posito,
534 2591 644 2672 prouti
665 2598 730 2656 etat
752 2593 813 2656 sub
839 2593 1038 2674 proprietate
1064 2592 1215 2674 loquendi

375 2688 439 2754 'de
460 2707 514 2766 ee„
527 2695 560 2754 et
581 2691 628 2755 sio
649 2692 690 2756 de
707 2691 802 2784 ¹aliis.
826 2694 867 2756 ut
896 2711 938 2756 ex
967 2694 1027 2757 hoo
1056 2692 1215 2776 sequitur,

398 2789 484 2873 quod
516 2790 598 2856 illud
630 2791 777 2858 Verbum
806 2798 856 2857 eet
884 2793 1005 2858 nullius
1029 2811 1214 2875 personae,

398 2891 484 2974 quod
505 2891 671 2976 supposito
692 2893 753 2959 sub
766 2899 856 2959 oerto
871 2894 966 2960 modo
984 2885 1136 2978 loquendi
1151 2912 1214 2961 nou

398 2999 447 3058 eet
466 2993 666 3079 applicabile.
681 2998 723 3063 ut
737 2998 851 3064 eodem
867 2998 962 3063 modo
976 2996 1149 3064 dicendum
1164 3003 1214 3064 est

387 3096 440 3164 ‘de
459 3115 619 3178 numero,
641 3105 673 3167 et
694 3100 825 3185 ripere,
848 3105 909 3168 eto.

671 3290 787 3360 cmm
810 3271 942 3356 xxxu.

479 3443 484 3449 '
509 3435 512 3442 '
545 3515 547 3520 ¹
614 3440 664 3504 De
689 3443 856 3521 Tempore
884 3443 998 3508 Verbi.

483 3609 555 3673 147.
578 3607 701 3694 Tempus
722 3627 872 3696 premens,
894 3610 1108 3697 praeteritum,
1126 3609 1213 3680 bttu-

396 3722 476 3775 rum.
499 3743 540 3754 -
563 3708 683 3775 Ultimo
704 3713 744 3776 de
772 3716 925 3794 tempore
951 3712 1123 3779 dicendum
1152 3719 1211 3778 est.
