3096 4528
641 745 831 815 -161'-
877 717 927 764 ⁸

326 885 547 964 determinati,
569 901 644 951 cum
677 885 972 964 determinatione,
978 889 1154 972 quomodo-

328 990 488 1066 veriatur,
510 1005 568 1054 seu
574 985 823 1053 diversificatur
837 989 1016 1099 secundum
1038 990 1146 1056 diver·
1210 1070 1213 1081 Ι

328 1089 456 1158 sitalem
479 1091 820 1158 determinationum.
1120 1091 1140 1116 '⁶¹
1209 1156 1213 1166 ,

410 1195 485 1258 204.
508 1191 581 1260 Eius
603 1190 780 1260 divisio·
803 1197 894 1258 quta
910 1196 1017 1277 quod
1036 1201 1146 1260 notan·

327 1295 416 1370 dum,
439 1295 526 1377 quod
561 1287 733 1377 quidquid
750 1284 913 1359 invenitur
935 1297 968 1359 in
998 1313 1146 1361 sermone

327 1394 481 1474 perlecto,
496 1393 548 1456 vel
563 1397 614 1455 est
628 1396 854 1472 suppositum,
870 1387 920 1457 'vel
935 1385 1145 1473 oppositum,

328 1490 379 1552 vel
399 1490 546 1576 aliquid·
564 1492 609 1555 ab
641 1494 798 1571 utroque*
819 1480 1015 1569 diversum,
1037 1499 1146 1556 tamen
1172 1482 1177 1490 ’

326 1591 368 1655 ad
390 1590 524 1673 aliquod
540 1585 673 1656 illdrum
689 1591 952 1671 ordinaturn,·vel
967 1601 1017 1658 est
1038 1593 1151 1658 uetere

326 1695 473 1757 minatio
489 1691 629 1759 alicuius
644 1694 762 1777 horum
774 1688 891 1759 trium·
883 1696 1028 1778 ,ethaeo
1038 1693 1159 1764 omnia=
1175 1761 1177 1774 ‚

326 1794 536 1860 inveniuntur
566 1795 599 1860 in
630 1796 778 1862 oratione
811 1814 896 1880 quae
919 1782 1147 1880 subsequitur:
1171 1831 1172 1836 =

325 1895 470 1961 Summo
493 1897 680 1964 doctriua
690 1898 796 1963 ualli
810 1900 899 1964 abet
885 1899 972 1963 toris
1002 1901 1060 2014 ius
1044 1900 1176 2017 uruit,¹

325 1997 500 2063 subtiliter
522 2002 637 2064 artem
660 2001 750 2064 libet
750 1999 937 2064 oricum·
1144 1986 1175 2010 ”

338 2143 340 2148 ·
409 2101 493 2164 Cum
516 2118 597 2182 ergo
618 2090 874 2164 determinabilis
896 2118 971 2164 cum
966 2031 1149 2164 determi-

325 2202 454 2265 natione
469 2202 712 2266 diversificatur
727 2202 905 2266 secundum
922 2200 1147 2268 diversitatem

325 2301 642 2382 determinationum,
664 2309 722 2369 aut
744 2321 825 2387 ergo
847 2303 1073 2371 determinatio
1095 2305 1148 2370 ad·

325 2405 416 2473 ditur
437 2410 626 2489 supposito,
643 2408 693 2472 vel
715 2411 886 2489 opposito,
902 2404 951 2473 vel
967 2409 1149 2492 differenti

319 2510 368 2594 ¹ab
389 2515 537 2592 utroque.
561 2509 594 2575 Si
615 2509 845 2576 determinatio
868 2511 1018 2576 addatur
1031 2525 1149 2593 suppo
1206 2557 1209 2564 ·

326 2611 399 2689 silo,
423 2611 482 2694 boe
503 2619 552 2675 est
574 2612 766 2693 dupliciter:
789 2614 839 2677 vel
854 2615 935 2676 hacc
957 2608 1153 2676 determina·⁸

305 2697 373 2794 ,tuo
401 2718 449 2774 est
478 2711 707 2787 centenarius,
740 2713 791 2775 vu
820 2712 1090 2776 emorraeum:
1116 2711 1149 2773 si

310 2795 539 2886 declinabitis,
555 2813 616 2874 hoc
637 2820 686 2874 est
696 2811 979 2893 ‚quadrupliciter3
1003 2808 1079 2892 quia
1097 2811 1149 2873 vel

326 2908 389 2976 ista
405 2911 633 2976 determinatio
656 2909 856 2977 declinabilis
872 2919 921 2977 est
945 2908 1148 2976 Adiectivum
1199 2928 1202 2935 ·

327 3015 638 3093 denominativum,
663 3014 710 3081 vel
734 3020 783 3081 est
806 3013 1012 3081 Adiectivum
1034 3013 1149 3080 relati·

327 3136 423 3195 oum,
447 3118 495 3184 vel
527 3119 734 3185 Adiectivum
765 3121 1074 3203 internecatioum,
1097 3117 1148 3183 vel

328 3220 537 3286 Adiectivum
560 3222 835 3286 distributivum.
1197 3232 1200 3236 ’

415 3325 447 3388 si
464 3324 670 3389 Adiectivum
686 3324 1006 3398 determinativum,
1023 3321 1070 3387 sic
1085 3322 1161 3386 ista·
1173 3345 1183 3395 j

328 3431 377 3488 est
407 3426 623 3490 constructio:
647 3426 806 3490 Socrates
828 3424 939 3500 albus,
962 3441 1067 3503 equus
1098 3423 1149 3486 cl·
1209 3421 1210 3426 ’

330 3527 404 3603 dus,
420 3543 506 3611 quae
520 3525 708 3610 specificam
730 3525 948 3592 differentiam
965 3523 1149 3602 nonhabet,
1191 3515 1194 3519 ’

330 3622 386 3694 sed
410 3629 472 3695 snb
495 3646 559 3695 una
587 3632 696 3714 speeie
731 3628 983 3714 constructionis
1010 3625 1151 3716 contine-

332 3736 396 3798 tur.
411 3742 413 3750 ‘
431 3731 598 3817 Principia
635 3735 835 3800 communio
868 3729 981 3796 istius
1007 3723 1151 3795 constru·
1166 3781 1170 3789 .
