3166 4528
383 925 397 959 9

446 857 560 951 Verbi,
574 853 666 958 ⁴quan
694 877 744 936 est
773 865 967 955 proprietas
985 869 1263 951 beatificationis,

447 979 698 1059 dispositionis,
717 980 750 1040 et
771 974 1009 1040 inclinationis
1033 973 1079 1046 rei
1097 971 1200 1060 Verbi
1222 971 1264 1036 ad

447 1079 713 1166 suppositionem,
725 1076 912 1162 significans
924 1075 1113 1162 qualitatem
1125 1075 1263 1151 indicii,

446 1173 615 1264 imperii,
632 1183 716 1258 coti,
748 1180 859 1257 dnbii,
889 1180 941 1244 vel
974 1180 1115 1260 infiniti.
1138 1178 1263 1243 Modus

448 1301 527 1366 ergo
556 1283 659 1348 Verbi
680 1283 781 1348 nibil
799 1281 898 1348 alind
914 1285 977 1346 est
1008 1298 1112 1362 qnam
1141 1280 1263 1344 modus

447 1385 678 1476 sicnificandi*
691 1382 922 1451 ,condentalis
951 1383 1067 1458 Verbi,
1089 1382 1264 1447 mediante

448 1489 787 1568 qnonropnietctens
809 1486 914 1550 Verbi
924 1489 997 1566 pen
1013 1484 1154 1549 niodum
1177 1483 1265 1546 indi·

448 1591 507 1665 cii,
522 1585 678 1670 impelii,
691 1590 789 1665 ⁸coti,
805 1588 916 1664 dubii,
937 1586 991 1652 cel
1011 1587 1144 1668 infiniti
1165 1587 1264 1650 circo

454 1692 559 1757 Verbi
579 1691 842 1772 dependentinm
856 1690 903 1755 od
920 1687 1146 1771 s'nnpositnm'
1158 1689 1265 1754 consi·

427 1793 599 1876 ''cnisicat
623 1795 671 1858 lit
685 1792 1124 1880 exohisjqualiticationibus
1154 1790 1264 1855 anima

395 1975 398 1982 Ι
449 1893 542 1977 prius
553 1894 841 1977 afficitur,quando
853 1895 894 1957 ad
906 1893 1142 1957 enuntiandum
1154 1897 1263 1956 actum

448 1993 489 2056 de
511 1993 691 2056 substantia
714 1993 898 2056 inclinatur.

424 2151 426 2154 .
504 2165 507 2172 ¹
533 2092 609 2160 lnde
626 2093 775 2174 estquod
792 2094 909 2156 Petrus
925 2091 1035 2155 Helias
1045 2089 1090 2174 (1)
1104 2091 1265 2154 diffiniens

449 2193 589 2257 moduni
612 2194 711 2258 dixit:
736 2194 858 2258 Modns
880 2196 1056 2259 osteario
1081 2195 1195 2257 animi
1217 2194 1281 2286 in=

448 2295 602 2372 clinatio,
617 2298 736 2361 corios
758 2298 831 2361 eius
846 2298 990 2378 affectos
1004 2295 1245 2360 demonstrans
1252 2312 1266 2375 ,·

448 2396 505 2462 sed
528 2414 590 2462 non
613 2399 699 2482 quod
724 2398 841 2463 modus
863 2399 906 2463 sit
921 2399 993 2483 ipsa
1015 2397 1193 2476 inclinatio,
1207 2395 1265 2461 sed

448 2497 591 2583 qualitas
613 2499 841 2576 inclinationis,
857 2517 917 2564 non
940 2517 990 2576 ea,
1012 2517 1076 2582 qua
1092 2501 1201 2564 anima
1222 2488 1284 2562 ins

447 2600 590 2665 clinstur
612 2602 654 2666 ad
675 2602 909 2667 enuntiandum
932 2606 1025 2666 actus
1046 2603 1088 2665 de
1117 2601 1265 2665 snbstan-

391 2717 395 2724 ’
449 2703 512 2786 tia3
535 2704 597 2767 sed·
613 2704 745 2781 modus,
769 2708 806 2768 ut
834 2709 884 2768 est
906 2704 1056 2769 accidens
1078 2703 1192 2780 Verbi,
1216 2706 1266 2766 est

395 3293 402 3310 0

390 3359 399 3448 t

393 3463 398 3475 1

394 3497 419 3516 t'·

392 3601 396 3611 Π

450 2802 592 2887 qualitas
614 2807 883 2885 compositionis,
912 2821 977 2887 qua
996 2804 1146 2869 Verbum
1176 2802 1266 2870 incli-

450 2905 610 2973 naturad
633 2897 852 2990 suppositum.
889 2935 902 2944 Η

454 3031 466 3048 ’-
514 3009 607 3075 Δ132.
630 3005 704 3077 ilodi
733 3005 825 3077 Verbi
854 3005 994 3098 qnoque.
1026 3043 1066 3056 -
1097 3010 1266 3085 Quaedam

449 3111 591 3194 qualitas
612 3114 662 3178 est
683 3112 823 3188 animae,
838 3112 898 3178 hoo
912 3119 972 3190 est,
986 3117 1122 3197 causata
1144 3112 1186 3178 ab
1201 3111 1266 3178 ani·

394 3237 399 3248 ·
432 3239 434 3244 ·
449 3229 513 3300 ma,
527 3213 610 3276 sicut
625 3218 802 3279 obnectere
815 3213 917 3278 Verbi
932 3215 1124 3289 accidentia,
1139 3231 1266 3296 reprae

395 3322 400 3350 ¹
448 3318 577 3375 sentens
591 3311 740 3375 diversos
761 3313 910 3388 affectus,
925 3314 986 3376 boc
1008 3316 1068 3389 est,
1082 3313 1266 3395 dispositio

433 3424 505 3474 ‘nes
524 3407 661 3488 animae,
676 3410 710 3474 id
724 3419 782 3488 est,
797 3399 890 3495 prius
906 3412 1081 3476 existentes
1097 3412 1130 3475 in
1145 3412 1265 3476 anima.

448 3510 490 3607 Et
504 3511 565 3575 iste
589 3511 703 3576 modus
725 3511 941 3596 significandi,
956 3515 1014 3598 qui
1037 3518 1173 3578 vocatur
1194 3531 1266 3577 mo·

396 3722 405 3792 ¹¹,
517 3732 554 3801 (l)
572 3733 704 3788 'fractio
725 3735 814 3790 Verbo.

400 3817 427 3900 ..ἃ
