<?xml version="1.0" encoding="UTF-8"?>
<!DOCTYPE html PUBLIC "-//W3C//DTD XHTML 1.0 Transitional//EN"
    "http://www.w3.org/TR/xhtml1/DTD/xhtml1-transitional.dtd">
<html xmlns="http://www.w3.org/1999/xhtml" xml:lang="en" lang="en">
 <head>
  <title>
</title>
<meta http-equiv="Content-Type" content="text/html;charset=utf-8" />
  <meta name='ocr-system' content='tesseract 3.04.00' />
  <meta name='ocr-capabilities' content='ocr_page ocr_carea ocr_par ocr_line ocrx_word'/>
</head>
<body>
  <div class='ocr_page' id='page_1' title='image "./grammaticaespec00scotgoog_0110.png"; bbox 0 0 3166 4528; ppageno 0'>
   <div class='ocr_carea' id='block_1_1' title="bbox 573 703 1145 848">
    <p class='ocr_par' dir='ltr' id='par_1_1' title="bbox 573 703 1145 848">
     <span class='ocr_line' id='line_1_1' title="bbox 587 703 1064 730; baseline 0 0"><span class='ocrx_word' id='word_1_1' title='bbox 587 724 590 730; x_wconf 92' lang='lat'><em>.</em></span> <span class='ocrx_word' id='word_1_2' title='bbox 871 703 958 726; x_wconf 73' lang='grc' dir='ltr'>”Ι</span> <span class='ocrx_word' id='word_1_3' title='bbox 1061 715 1064 730; x_wconf 90' lang='grc' dir='ltr'>ι</span> 
     </span>
     <span class='ocr_line' id='line_1_2' title="bbox 1051 731 1145 762; baseline -0.021 -16"><span class='ocrx_word' id='word_1_4' title='bbox 1051 737 1074 762; x_wconf 41' lang='lat'>1⁴</span> <span class='ocrx_word' id='word_1_5' title='bbox 1140 731 1145 744; x_wconf 54' lang='grc' dir='ltr'>ἱ</span> 
     </span>
     <span class='ocr_line' id='line_1_3' title="bbox 573 765 1090 840; baseline 0 -6"><span class='ocrx_word' id='word_1_6' title='bbox 573 777 577 783; x_wconf 73' lang='grc'><strong>’</strong></span> <span class='ocrx_word' id='word_1_7' title='bbox 641 765 888 840; x_wconf 43' lang='lat' dir='ltr'>*ce—</span> <span class='ocrx_word' id='word_1_8' title='bbox 1088 809 1090 820; x_wconf 84' lang='lat'>.</span> 
     </span>
     <span class='ocr_line' id='line_1_4' title="bbox 1097 839 1101 848; baseline 0 0"><span class='ocrx_word' id='word_1_9' title='bbox 1097 839 1101 848; x_wconf 69' lang='grc' dir='ltr'>ι</span> 
     </span>
    </p>
   </div>
   <div class='ocr_carea' id='block_1_2' title="bbox 311 843 1220 3132">
    <p class='ocr_par' dir='ltr' id='par_1_2' title="bbox 321 843 1220 1804">
     <span class='ocr_line' id='line_1_5' title="bbox 345 843 1162 986; baseline 0.004 -16"><span class='ocrx_word' id='word_1_10' title='bbox 345 909 437 970; x_wconf 84' lang='lat' dir='ltr'>actus</span> <span class='ocrx_word' id='word_1_11' title='bbox 454 843 661 970; x_wconf 82' lang='lat' dir='ltr'>construitur</span> <span class='ocrx_word' id='word_1_12' title='bbox 683 895 880 971; x_wconf 80' lang='lat' dir='ltr'>intrinsece</span> <span class='ocrx_word' id='word_1_13' title='bbox 878 867 976 971; x_wconf 65' lang='lat' dir='ltr'>cum&lt;</span> <span class='ocrx_word' id='word_1_14' title='bbox 990 907 1162 986; x_wconf 77' lang='lat' dir='ltr'>infinitivo</span> 
     </span>
     <span class='ocr_line' id='line_1_6' title="bbox 346 996 1217 1098; baseline 0.009 -28"><span class='ocrx_word' id='word_1_15' title='bbox 346 1008 398 1074; x_wconf 91' lang='lat' dir='ltr'>vel</span> <span class='ocrx_word' id='word_1_16' title='bbox 419 1027 495 1074; x_wconf 91' lang='lat' dir='ltr'>cum</span> <span class='ocrx_word' id='word_1_17' title='bbox 510 1008 612 1082; x_wconf 89' lang='lat' dir='ltr'>verbo</span> <span class='ocrx_word' id='word_1_18' title='bbox 633 996 865 1098; x_wconf 79' lang='lat' dir='ltr'>impersonali,</span> <span class='ocrx_word' id='word_1_19' title='bbox 868 1017 911 1077; x_wconf 93' lang='lat' dir='ltr'>ut</span> <span class='ocrx_word' id='word_1_20' title='bbox 933 1007 1086 1077; x_wconf 85' lang='lat' dir='ltr'>dicendo:</span> <span class='ocrx_word' id='word_1_21' title='bbox 1109 1029 1163 1078; x_wconf 84' lang='lat' dir='ltr'>mc</span> <span class='ocrx_word' id='word_1_22' title='bbox 1212 1061 1217 1068; x_wconf 65' lang='lat'>,.</span> 
     </span>
     <span class='ocr_line' id='line_1_7' title="bbox 331 1097 1163 1197; baseline 0.001 -18"><span class='ocrx_word' id='word_1_23' title='bbox 331 1111 471 1196; x_wconf 66' lang='lat' dir='ltr'>decere,</span> <span class='ocrx_word' id='word_1_24' title='bbox 493 1130 549 1180; x_wconf 81' lang='lat' dir='ltr'>me</span> <span class='ocrx_word' id='word_1_25' title='bbox 578 1115 725 1196; x_wconf 78' lang='lat' dir='ltr'>oportet,</span> <span class='ocrx_word' id='word_1_26' title='bbox 733 1123 749 1164; x_wconf 82' lang='lat' dir='ltr'>t</span> <span class='ocrx_word' id='word_1_27' title='bbox 756 1111 821 1180; x_wconf 87' lang='lat' dir='ltr'>hic</span> <span class='ocrx_word' id='word_1_28' title='bbox 827 1109 1015 1197; x_wconf 76' lang='lat' dir='ltr'>significet·</span> <span class='ocrx_word' id='word_1_29' title='bbox 1012 1097 1163 1181; x_wconf 74' lang='lat' dir='ltr'>decusa</span> 
     </span>
     <span class='ocr_line' id='line_1_8' title="bbox 346 1215 1163 1301; baseline 0.004 -22.052"><span class='ocrx_word' id='word_1_30' title='bbox 346 1215 434 1281; x_wconf 83' lang='lat' dir='ltr'>tirus</span> <span class='ocrx_word' id='word_1_31' title='bbox 456 1234 536 1294; x_wconf 91' lang='lat' dir='ltr'>rem,</span> <span class='ocrx_word' id='word_1_32' title='bbox 558 1217 620 1294; x_wconf 85' lang='lat' dir='ltr'>sub</span> <span class='ocrx_word' id='word_1_33' title='bbox 642 1217 778 1282; x_wconf 66' lang='lat' dir='ltr'>ratione</span> <span class='ocrx_word' id='word_1_34' title='bbox 782 1217 937 1301; x_wconf 90' lang='lat' dir='ltr'>principii</span> <span class='ocrx_word' id='word_1_35' title='bbox 952 1234 971 1282; x_wconf 88' lang='lat' dir='ltr'><strong>a</strong></span> <span class='ocrx_word' id='word_1_36' title='bbox 975 1217 1072 1282; x_wconf 83' lang='lat' dir='ltr'>nulla</span> <span class='ocrx_word' id='word_1_37' title='bbox 1089 1235 1163 1301; x_wconf 86' lang='lat' dir='ltr'>pro·</span> 
     </span>
     <span class='ocr_line' id='line_1_9' title="bbox 321 1316 1161 1403; baseline 0.002 -23"><span class='ocrx_word' id='word_1_38' title='bbox 321 1316 483 1400; x_wconf 81' lang='lat' dir='ltr'>prietate</span> <span class='ocrx_word' id='word_1_39' title='bbox 505 1319 639 1403; x_wconf 84' lang='lat' dir='ltr'>speciali</span> <span class='ocrx_word' id='word_1_40' title='bbox 652 1323 840 1397; x_wconf 82' lang='lat' dir='ltr'>&#39;contracte,</span> <span class='ocrx_word' id='word_1_41' title='bbox 862 1336 920 1383; x_wconf 88' lang='lat' dir='ltr'>nec</span> <span class='ocrx_word' id='word_1_42' title='bbox 936 1319 1161 1399; x_wconf 81' lang='lat' dir='ltr'>contrahibili,</span> 
     </span>
     <span class='ocr_line' id='line_1_10' title="bbox 345 1405 1159 1502; baseline 0.001 -20"><span class='ocrx_word' id='word_1_43' title='bbox 345 1405 399 1482; x_wconf 85' lang='lat' dir='ltr'>cui</span> <span class='ocrx_word' id='word_1_44' title='bbox 421 1419 689 1502; x_wconf 79' lang='lat' dir='ltr'>proportionetur</span> <span class='ocrx_word' id='word_1_45' title='bbox 712 1421 826 1484; x_wconf 85' lang='lat' dir='ltr'>modus</span> <span class='ocrx_word' id='word_1_46' title='bbox 851 1418 937 1485; x_wconf 78' lang='lat' dir='ltr'>verbi</span> <span class='ocrx_word' id='word_1_47' title='bbox 957 1420 1159 1502; x_wconf 87' lang='lat' dir='ltr'>simpliciter.</span> 
     </span>
     <span class='ocr_line' id='line_1_11' title="bbox 346 1517 1220 1610; baseline 0 -30"><span class='ocrx_word' id='word_1_48' title='bbox 346 1519 387 1580; x_wconf 86' lang='lat' dir='ltr'>Et</span> <span class='ocrx_word' id='word_1_49' title='bbox 411 1519 464 1581; x_wconf 92' lang='lat' dir='ltr'>hic</span> <span class='ocrx_word' id='word_1_50' title='bbox 486 1520 602 1582; x_wconf 91' lang='lat' dir='ltr'>modus</span> <span class='ocrx_word' id='word_1_51' title='bbox 626 1536 688 1582; x_wconf 92' lang='lat' dir='ltr'>uon</span> <span class='ocrx_word' id='word_1_52' title='bbox 702 1519 832 1582; x_wconf 88' lang='lat' dir='ltr'>videtur</span> <span class='ocrx_word' id='word_1_53' title='bbox 847 1518 907 1582; x_wconf 87' lang='lat' dir='ltr'>sihi</span> <span class='ocrx_word' id='word_1_54' title='bbox 924 1517 1083 1595; x_wconf 83' lang='lat' dir='ltr'>accidere,</span> <span class='ocrx_word' id='word_1_55' title='bbox 1098 1519 1160 1583; x_wconf 87' lang='lat' dir='ltr'>nisi</span> <span class='ocrx_word' id='word_1_56' title='bbox 1216 1591 1220 1610; x_wconf 35' lang='lat'>⁸</span> 
     </span>
     <span class='ocr_line' id='line_1_12' title="bbox 346 1618 1161 1704; baseline 0.001 -22"><span class='ocrx_word' id='word_1_57' title='bbox 346 1622 423 1682; x_wconf 91' lang='lat' dir='ltr'>tunc</span> <span class='ocrx_word' id='word_1_58' title='bbox 445 1623 587 1702; x_wconf 87' lang='lat' dir='ltr'>ponatur</span> <span class='ocrx_word' id='word_1_59' title='bbox 609 1619 695 1704; x_wconf 90' lang='lat' dir='ltr'>quod</span> <span class='ocrx_word' id='word_1_60' title='bbox 718 1624 810 1684; x_wconf 84' lang='lat' dir='ltr'>nctus</span> <span class='ocrx_word' id='word_1_61' title='bbox 831 1619 874 1681; x_wconf 89' lang='lat' dir='ltr'>sit</span> <span class='ocrx_word' id='word_1_62' title='bbox 897 1618 1012 1682; x_wconf 88' lang='lat' dir='ltr'>modus</span> <span class='ocrx_word' id='word_1_63' title='bbox 1039 1619 1161 1700; x_wconf 79' lang='lat' dir='ltr'>signifi·</span> 
     </span>
     <span class='ocr_line' id='line_1_13' title="bbox 345 1720 1162 1804; baseline -0.001 -19"><span class='ocrx_word' id='word_1_64' title='bbox 345 1720 440 1785; x_wconf 86' lang='lat' dir='ltr'>cendi</span> <span class='ocrx_word' id='word_1_65' title='bbox 463 1723 672 1804; x_wconf 84' lang='lat' dir='ltr'>aequivocus,</span> <span class='ocrx_word' id='word_1_66' title='bbox 693 1721 735 1786; x_wconf 82' lang='lat' dir='ltr'>ad</span> <span class='ocrx_word' id='word_1_67' title='bbox 757 1720 1008 1802; x_wconf 83' lang='lat' dir='ltr'>significandum</span> <span class='ocrx_word' id='word_1_68' title='bbox 1032 1722 1162 1786; x_wconf 86' lang='lat' dir='ltr'>sub-ra·</span> 
     </span>
    </p>

    <p class='ocr_par' dir='ltr' id='par_1_3' title="bbox 319 1822 1217 2115">
     <span class='ocr_line' id='line_1_14' title="bbox 319 1822 1162 1903; baseline 0.005 -20"><span class='ocrx_word' id='word_1_69' title='bbox 319 1875 321 1882; x_wconf 94' lang='lat'><em>.</em></span> <span class='ocrx_word' id='word_1_70' title='bbox 346 1822 431 1886; x_wconf 88' lang='lat' dir='ltr'>tione</span> <span class='ocrx_word' id='word_1_71' title='bbox 453 1824 594 1901; x_wconf 84' lang='lat' dir='ltr'><strong>termini,</strong></span> <span class='ocrx_word' id='word_1_72' title='bbox 614 1827 653 1886; x_wconf 82' lang='lat' dir='ltr'>ut</span> <span class='ocrx_word' id='word_1_73' title='bbox 684 1841 804 1903; x_wconf 77' lang='lat' dir='ltr'>pucm3</span> <span class='ocrx_word' id='word_1_74' title='bbox 825 1827 859 1888; x_wconf 90' lang='lat' dir='ltr'>et</span> <span class='ocrx_word' id='word_1_75' title='bbox 880 1823 921 1885; x_wconf 82' lang='lat' dir='ltr'>nd</span> <span class='ocrx_word' id='word_1_76' title='bbox 947 1823 1078 1886; x_wconf 90' lang='lat' dir='ltr'>modum</span> <span class='ocrx_word' id='word_1_77' title='bbox 1100 1825 1162 1890; x_wconf 84' lang='lat' dir='ltr'>sub</span> 
     </span>
     <span class='ocr_line' id='line_1_15' title="bbox 347 1917 1217 2007; baseline -0.001 -20"><span class='ocrx_word' id='word_1_78' title='bbox 347 1917 470 1988; x_wconf 83' lang='lat' dir='ltr'>retio&#39;ne</span> <span class='ocrx_word' id='word_1_79' title='bbox 492 1924 645 2007; x_wconf 90' lang='lat' dir='ltr'>principii</span> <span class='ocrx_word' id='word_1_80' title='bbox 667 1923 872 2006; x_wconf 84' lang='lat' dir='ltr'>simpliciter.</span> <span class='ocrx_word' id='word_1_81' title='bbox 1165 1929 1167 1936; x_wconf 67' lang='lat'>‘</span> <span class='ocrx_word' id='word_1_82' title='bbox 1214 1987 1217 1996; x_wconf 89' lang='lat'><em>.</em></span> 
     </span>
     <span class='ocr_line' id='line_1_16' title="bbox 430 2025 1164 2115; baseline 0.003 -27"><span class='ocrx_word' id='word_1_83' title='bbox 430 2026 471 2088; x_wconf 79' lang='lat' dir='ltr'>ut</span> <span class='ocrx_word' id='word_1_84' title='bbox 492 2031 543 2090; x_wconf 86' lang='lat' dir='ltr'>est</span> <span class='ocrx_word' id='word_1_85' title='bbox 564 2026 741 2102; x_wconf 88' lang='lat' dir='ltr'>sciendum,</span> <span class='ocrx_word' id='word_1_86' title='bbox 762 2025 850 2107; x_wconf 90' lang='lat' dir='ltr'>quod</span> <span class='ocrx_word' id='word_1_87' title='bbox 868 2026 950 2090; x_wconf 88' lang='lat' dir='ltr'>ratio</span> <span class='ocrx_word' id='word_1_88' title='bbox 966 2025 1108 2115; x_wconf 78' lang='lat' dir='ltr'>termini,</span> <span class='ocrx_word' id='word_1_89' title='bbox 1122 2028 1164 2090; x_wconf 85' lang='lat' dir='ltr'>ut</span> 
     </span>
    </p>

    <p class='ocr_par' dir='ltr' id='par_1_4' title="bbox 311 2125 1220 3142">
     <span class='ocr_line' id='line_1_17' title="bbox 314 2125 1160 2208; baseline -0.002 -17"><span class='ocrx_word' id='word_1_90' title='bbox 314 2199 316 2204; x_wconf 67' lang='lat'>,</span> <span class='ocrx_word' id='word_1_91' title='bbox 344 2144 456 2206; x_wconf 84' lang='lat' dir='ltr'>quem,</span> <span class='ocrx_word' id='word_1_92' title='bbox 479 2127 655 2208; x_wconf 86' lang='lat' dir='ltr'>aliquando</span> <span class='ocrx_word' id='word_1_93' title='bbox 677 2125 819 2190; x_wconf 85' lang='lat' dir='ltr'>sumitur</span> <span class='ocrx_word' id='word_1_94' title='bbox 834 2125 1035 2208; x_wconf 87' lang='lat' dir='ltr'>simpliciter,</span> <span class='ocrx_word' id='word_1_95' title='bbox 1052 2126 1084 2190; x_wconf 89' lang='lat' dir='ltr'>id</span> <span class='ocrx_word' id='word_1_96' title='bbox 1101 2127 1160 2204; x_wconf 82' lang='lat' dir='ltr'>est,</span> 
     </span>
     <span class='ocr_line' id='line_1_18' title="bbox 315 2226 1162 2310; baseline -0.007 -13"><span class='ocrx_word' id='word_1_97' title='bbox 315 2291 319 2298; x_wconf 94' lang='grc'><em>,</em></span> <span class='ocrx_word' id='word_1_98' title='bbox 345 2245 407 2292; x_wconf 91' lang='lat' dir='ltr'>uon</span> <span class='ocrx_word' id='word_1_99' title='bbox 429 2232 654 2304; x_wconf 72' lang='lat' dir='ltr'>contractem</span> <span class='ocrx_word' id='word_1_100' title='bbox 675 2228 829 2292; x_wconf 91' lang='lat' dir='ltr'>dicendo:</span> <span class='ocrx_word' id='word_1_101' title='bbox 846 2227 918 2310; x_wconf 77' lang='lat' dir='ltr'>lopo</span> <span class='ocrx_word' id='word_1_102' title='bbox 940 2227 1069 2292; x_wconf 81' lang='lat' dir='ltr'>tiorum</span> <span class='ocrx_word' id='word_1_103' title='bbox 1079 2247 1092 2310; x_wconf 93' lang='lat'>,·</span> <span class='ocrx_word' id='word_1_104' title='bbox 1107 2226 1162 2291; x_wconf 85' lang='lat' dir='ltr'>eli·</span> 
     </span>
     <span class='ocr_line' id='line_1_19' title="bbox 313 2318 1162 2417; baseline 0 -22"><span class='ocrx_word' id='word_1_105' title='bbox 313 2318 317 2362; x_wconf 73' lang='lat'><em>³</em></span> <span class='ocrx_word' id='word_1_106' title='bbox 344 2330 474 2416; x_wconf 85' lang='lat' dir='ltr'>quaudo</span> <span class='ocrx_word' id='word_1_107' title='bbox 495 2335 671 2406; x_wconf 84' lang='lat' dir='ltr'>contracte.</span> <span class='ocrx_word' id='word_1_108' title='bbox 686 2336 721 2396; x_wconf 92' lang='lat' dir='ltr'>ut</span> <span class='ocrx_word' id='word_1_109' title='bbox 737 2331 868 2416; x_wconf 84' lang='lat' dir='ltr'>quando</span> <span class='ocrx_word' id='word_1_110' title='bbox 883 2330 1087 2397; x_wconf 77' lang='lat' dir='ltr'>contrahitur</span> <span class='ocrx_word' id='word_1_111' title='bbox 1103 2347 1162 2417; x_wconf 92' lang='lat' dir='ltr'>per</span> 
     </span>
     <span class='ocr_line' id='line_1_20' title="bbox 315 2435 1215 2520; baseline 0 -20"><span class='ocrx_word' id='word_1_112' title='bbox 315 2453 317 2458; x_wconf 72' lang='grc'>’</span> <span class='ocrx_word' id='word_1_113' title='bbox 345 2435 616 2520; x_wconf 83' lang='lat' dir='ltr'>praepositionem</span> <span class='ocrx_word' id='word_1_114' title='bbox 640 2435 836 2501; x_wconf 84' lang='lat' dir='ltr'>Accusatiro</span> <span class='ocrx_word' id='word_1_115' title='bbox 858 2435 1107 2516; x_wconf 85' lang='lat' dir='ltr'>deservientem,</span> <span class='ocrx_word' id='word_1_116' title='bbox 1126 2440 1163 2501; x_wconf 90' lang='lat' dir='ltr'>ut</span> <span class='ocrx_word' id='word_1_117' title='bbox 1210 2494 1215 2508; x_wconf 68' lang='grc'><strong>,</strong></span> 
     </span>
     <span class='ocr_line' id='line_1_21' title="bbox 345 2538 1196 2620; baseline -0.002 -15"><span class='ocrx_word' id='word_1_118' title='bbox 345 2539 498 2605; x_wconf 91' lang='lat' dir='ltr'>dicendo:</span> <span class='ocrx_word' id='word_1_119' title='bbox 521 2538 614 2604; x_wconf 89' lang='lat' dir='ltr'>Vodo</span> <span class='ocrx_word' id='word_1_120' title='bbox 637 2540 684 2604; x_wconf 87' lang='lat' dir='ltr'>nd</span> <span class='ocrx_word' id='word_1_121' title='bbox 702 2538 868 2620; x_wconf 76' lang='lat' dir='ltr'>plateam,</span> <span class='ocrx_word' id='word_1_122' title='bbox 885 2541 992 2604; x_wconf 78' lang='lat' dir='ltr'>curro</span> <span class='ocrx_word' id='word_1_123' title='bbox 1008 2539 1056 2604; x_wconf 89' lang='lat' dir='ltr'>od</span> <span class='ocrx_word' id='word_1_124' title='bbox 1070 2557 1196 2612; x_wconf 84' lang='lat' dir='ltr'>com</span> 
     </span>
     <span class='ocr_line' id='line_1_22' title="bbox 342 2641 1200 2746; baseline 0 -42"><span class='ocrx_word' id='word_1_125' title='bbox 342 2661 450 2722; x_wconf 63' lang='lat' dir='ltr'>prum</span> <span class='ocrx_word' id='word_1_126' title='bbox 470 2648 504 2707; x_wconf 90' lang='lat' dir='ltr'>et</span> <span class='ocrx_word' id='word_1_127' title='bbox 525 2643 572 2706; x_wconf 90' lang='lat' dir='ltr'>sic</span> <span class='ocrx_word' id='word_1_128' title='bbox 595 2642 711 2706; x_wconf 89' lang='lat' dir='ltr'>modus</span> <span class='ocrx_word' id='word_1_129' title='bbox 733 2641 793 2705; x_wconf 92' lang='lat' dir='ltr'>sibi</span> <span class='ocrx_word' id='word_1_130' title='bbox 816 2641 1115 2724; x_wconf 83' lang='lat' dir='ltr'>correspondens</span> <span class='ocrx_word' id='word_1_131' title='bbox 1088 2660 1200 2746; x_wconf 81' lang='lat' dir='ltr'>suu</span> 
     </span>
     <span class='ocr_line' id='line_1_23' title="bbox 345 2743 1218 2823; baseline -0.006 -20"><span class='ocrx_word' id='word_1_132' title='bbox 345 2743 475 2823; x_wconf 84' lang='lat' dir='ltr'>pliciter</span> <span class='ocrx_word' id='word_1_133' title='bbox 496 2749 545 2805; x_wconf 87' lang='lat' dir='ltr'>est</span> <span class='ocrx_word' id='word_1_134' title='bbox 566 2743 1185 2805; x_wconf 75' lang='lat' dir='ltr'>contrahendus·</span> <span class='ocrx_word' id='word_1_135' title='bbox 1215 2788 1218 2798; x_wconf 78' lang='grc'>,</span> 
     </span>
     <span class='ocr_line' id='line_1_24' title="bbox 311 2837 1220 2920; baseline -0.002 -16"><span class='ocrx_word' id='word_1_136' title='bbox 311 2868 315 2878; x_wconf 66' lang='grc'><strong>’</strong></span> <span class='ocrx_word' id='word_1_137' title='bbox 363 2851 365 2858; x_wconf 88' lang='grc'><strong>’</strong></span> <span class='ocrx_word' id='word_1_138' title='bbox 430 2843 481 2904; x_wconf 86' lang='grc'>91</span> <span class='ocrx_word' id='word_1_139' title='bbox 504 2839 738 2906; x_wconf 74' lang='lat' dir='ltr'>vocativus-</span> <span class='ocrx_word' id='word_1_140' title='bbox 777 2842 958 2905; x_wconf 81' lang='lat' dir='ltr'>Vocatious</span> <span class='ocrx_word' id='word_1_141' title='bbox 987 2857 1084 2903; x_wconf 84' lang='lat' dir='ltr'>cesus</span> <span class='ocrx_word' id='word_1_142' title='bbox 1113 2837 1220 2903; x_wconf 89' lang='lat' dir='ltr'>est</span> <span class='ocrx_word' id='word_1_143' title='bbox 1213 2911 1216 2920; x_wconf 27' lang='lat'><strong>¹</strong></span> 
     </span>
     <span class='ocr_line' id='line_1_25' title="bbox 332 2931 1220 3040; baseline 0 -36"><span class='ocrx_word' id='word_1_144' title='bbox 332 2942 465 3005; x_wconf 47' lang='lat' dir='ltr'>‘modus</span> <span class='ocrx_word' id='word_1_145' title='bbox 487 2941 708 3023; x_wconf 63' lang='lat' dir='ltr'>significandi</span> <span class='ocrx_word' id='word_1_146' title='bbox 730 2960 807 3006; x_wconf 83' lang='lat' dir='ltr'>rem</span> <span class='ocrx_word' id='word_1_147' title='bbox 828 2941 890 3005; x_wconf 84' lang='lat' dir='ltr'>sud</span> <span class='ocrx_word' id='word_1_148' title='bbox 922 2942 1062 3004; x_wconf 78' lang='lat' dir='ltr'>ratione</span> <span class='ocrx_word' id='word_1_149' title='bbox 1095 2942 1181 3004; x_wconf 61' lang='lat' dir='ltr'>tem·</span> <span class='ocrx_word' id='word_1_150' title='bbox 1210 2931 1220 3040; x_wconf 65' lang='grc' dir='ltr'>ξ</span> 
     </span>
     <span class='ocr_line' id='line_1_26' title="bbox 345 3041 1220 3132; baseline 0 -25"><span class='ocrx_word' id='word_1_151' title='bbox 345 3045 435 3107; x_wconf 81' lang='lat' dir='ltr'>mint</span> <span class='ocrx_word' id='word_1_152' title='bbox 456 3042 687 3124; x_wconf 69' lang='lat' dir='ltr'>depectentes,</span> <span class='ocrx_word' id='word_1_153' title='bbox 709 3045 806 3108; x_wconf 79' lang='lat' dir='ltr'>actus</span> <span class='ocrx_word' id='word_1_154' title='bbox 821 3043 982 3119; x_wconf 72' lang='lat' dir='ltr'>coerciti,</span> <span class='ocrx_word' id='word_1_155' title='bbox 997 3042 1053 3132; x_wconf 78' lang='lat' dir='ltr'>uel</span> <span class='ocrx_word' id='word_1_156' title='bbox 1066 3058 1164 3107; x_wconf 79' lang='lat' dir='ltr'>curer·</span> <span class='ocrx_word' id='word_1_157' title='bbox 1212 3041 1220 3118; x_wconf 70' lang='grc' dir='ltr'>ι</span> 
     </span>
    </p>
   </div>
   <div class='ocr_carea' id='block_1_3' title="bbox 346 3143 1226 3640">
    <p class='ocr_par' dir='ltr' id='par_1_5' title="bbox 346 3143 1226 3640">
     <span class='ocr_line' id='line_1_27' title="bbox 346 3143 1221 3240; baseline -0.003 -28"><span class='ocrx_word' id='word_1_158' title='bbox 346 3146 456 3222; x_wconf 84' lang='lat' dir='ltr'>ot&#39;totc&#39;,</span> <span class='ocrx_word' id='word_1_159' title='bbox 478 3143 573 3210; x_wconf 79' lang='lat' dir='ltr'>nullo</span> <span class='ocrx_word' id='word_1_160' title='bbox 588 3145 792 3231; x_wconf 76' lang='lat' dir='ltr'>differentia</span> <span class='ocrx_word' id='word_1_161' title='bbox 808 3145 985 3211; x_wconf 81' lang='lat' dir='ltr'>dictorum</span> <span class='ocrx_word' id='word_1_162' title='bbox 1000 3144 1177 3225; x_wconf 78' lang='lat' dir='ltr'>proprie·&#39;</span> <span class='ocrx_word' id='word_1_163' title='bbox 1211 3163 1221 3240; x_wconf 57' lang='grc' dir='ltr'><em>ξ</em></span> 
     </span>
     <span class='ocr_line' id='line_1_28' title="bbox 348 3245 1226 3330; baseline -0.001 -18"><span class='ocrx_word' id='word_1_164' title='bbox 348 3252 457 3313; x_wconf 83' lang='lat' dir='ltr'>totum</span> <span class='ocrx_word' id='word_1_165' title='bbox 479 3249 717 3329; x_wconf 82' lang='lat' dir='ltr'>superaddito,</span> <span class='ocrx_word' id='word_1_166' title='bbox 734 3256 770 3313; x_wconf 92' lang='lat' dir='ltr'>ut</span> <span class='ocrx_word' id='word_1_167' title='bbox 792 3247 946 3313; x_wconf 91' lang='lat' dir='ltr'>dicendo:</span> <span class='ocrx_word' id='word_1_168' title='bbox 963 3249 1163 3323; x_wconf 83' lang='lat' dir='ltr'>ochrioc,</span> <span class='ocrx_word' id='word_1_169' title='bbox 1203 3245 1226 3330; x_wconf 64' lang='lat' dir='ltr'>t·</span> 
     </span>
     <span class='ocr_line' id='line_1_29' title="bbox 346 3333 1221 3417; baseline 0 -3"><span class='ocrx_word' id='word_1_170' title='bbox 346 3349 408 3416; x_wconf 91' lang='lat' dir='ltr'>iste</span> <span class='ocrx_word' id='word_1_171' title='bbox 429 3352 610 3416; x_wconf 79' lang='lat' dir='ltr'>vocativus</span> <span class='ocrx_word' id='word_1_172' title='bbox 639 3351 735 3415; x_wconf 85' lang='lat' dir='ltr'>habet</span> <span class='ocrx_word' id='word_1_173' title='bbox 757 3352 790 3415; x_wconf 93' lang='lat' dir='ltr'>in</span> <span class='ocrx_word' id='word_1_174' title='bbox 823 3369 859 3417; x_wconf 88' lang='lat' dir='ltr'>se</span> <span class='ocrx_word' id='word_1_175' title='bbox 882 3369 952 3414; x_wconf 91' lang='lat' dir='ltr'>rem</span> <span class='ocrx_word' id='word_1_176' title='bbox 982 3348 1014 3413; x_wconf 91' lang='lat' dir='ltr'>in</span> <span class='ocrx_word' id='word_1_177' title='bbox 1038 3341 1188 3414; x_wconf 88' lang='lat' dir='ltr'>ratione</span> <span class='ocrx_word' id='word_1_178' title='bbox 1212 3333 1221 3382; x_wconf 64' lang='lat'>³</span> 
     </span>
     <span class='ocr_line' id='line_1_30' title="bbox 349 3450 1165 3534; baseline -0.002 -19"><span class='ocrx_word' id='word_1_179' title='bbox 349 3452 488 3529; x_wconf 88' lang='lat' dir='ltr'>termini,</span> <span class='ocrx_word' id='word_1_180' title='bbox 510 3456 636 3517; x_wconf 88' lang='lat' dir='ltr'>tantum</span> <span class='ocrx_word' id='word_1_181' title='bbox 652 3453 685 3516; x_wconf 92' lang='lat' dir='ltr'>in</span> <span class='ocrx_word' id='word_1_182' title='bbox 709 3454 835 3516; x_wconf 88' lang='lat' dir='ltr'>ratione</span> <span class='ocrx_word' id='word_1_183' title='bbox 849 3451 1061 3534; x_wconf 88' lang='lat' dir='ltr'>dependentis</span> <span class='ocrx_word' id='word_1_184' title='bbox 1076 3450 1165 3514; x_wconf 90' lang='lat' dir='ltr'>illius</span> 
     </span>
     <span class='ocr_line' id='line_1_31' title="bbox 346 3543 1220 3640; baseline -0.007 -22"><span class='ocrx_word' id='word_1_185' title='bbox 346 3558 440 3619; x_wconf 84' lang='lat' dir='ltr'>actus</span> <span class='ocrx_word' id='word_1_186' title='bbox 461 3555 607 3640; x_wconf 80' lang='lat' dir='ltr'>exerciti,</span> <span class='ocrx_word' id='word_1_187' title='bbox 631 3555 682 3619; x_wconf 89' lang='lat' dir='ltr'>vel</span> <span class='ocrx_word' id='word_1_188' title='bbox 713 3555 895 3620; x_wconf 83' lang='lat' dir='ltr'>exercitati.</span> <span class='ocrx_word' id='word_1_189' title='bbox 931 3554 1022 3619; x_wconf 91' lang='lat' dir='ltr'>Unde</span> <span class='ocrx_word' id='word_1_190' title='bbox 1055 3558 1165 3618; x_wconf 83' lang='lat' dir='ltr'>notun·</span> <span class='ocrx_word' id='word_1_191' title='bbox 1213 3543 1220 3612; x_wconf 75' lang='grc' dir='ltr'>ἶ</span> 
     </span>
    </p>
   </div>
   <div class='ocr_carea' id='block_1_4' title="bbox 345 3616 1225 3919">
    <p class='ocr_par' dir='ltr' id='par_1_6' title="bbox 345 3616 1225 3879">
     <span class='ocr_line' id='line_1_32' title="bbox 346 3616 1225 3742; baseline 0 -21"><span class='ocrx_word' id='word_1_192' title='bbox 346 3658 425 3722; x_wconf 91' lang='lat' dir='ltr'>dum</span> <span class='ocrx_word' id='word_1_193' title='bbox 447 3665 505 3736; x_wconf 87' lang='lat' dir='ltr'>est,</span> <span class='ocrx_word' id='word_1_194' title='bbox 521 3659 607 3742; x_wconf 91' lang='lat' dir='ltr'>quod</span> <span class='ocrx_word' id='word_1_195' title='bbox 622 3658 744 3742; x_wconf 86' lang='lat' dir='ltr'>duplex</span> <span class='ocrx_word' id='word_1_196' title='bbox 766 3663 816 3723; x_wconf 89' lang='lat' dir='ltr'>est</span> <span class='ocrx_word' id='word_1_197' title='bbox 838 3659 941 3736; x_wconf 83' lang='lat' dir='ltr'>actus,</span> <span class='ocrx_word' id='word_1_198' title='bbox 964 3657 1104 3722; x_wconf 89' lang='lat' dir='ltr'>scilicet:</span> <span class='ocrx_word' id='word_1_199' title='bbox 1120 3657 1201 3720; x_wconf 76' lang='grc' dir='ltr'>ιι·</span> <span class='ocrx_word' id='word_1_200' title='bbox 1197 3616 1225 3694; x_wconf 41' lang='grc' dir='ltr'>ΞΓ</span> 
     </span>
     <span class='ocr_line' id='line_1_33' title="bbox 345 3753 1224 3919; baseline -0.001 -96"><span class='ocrx_word' id='word_1_201' title='bbox 345 3762 481 3843; x_wconf 68' lang='lat' dir='ltr'>qnater,</span> <span class='ocrx_word' id='word_1_202' title='bbox 503 3767 536 3825; x_wconf 90' lang='lat' dir='ltr'>et</span> <span class='ocrx_word' id='word_1_203' title='bbox 568 3764 752 3827; x_wconf 74' lang='lat' dir='ltr'>exercitus.</span> <span class='ocrx_word' id='word_1_204' title='bbox 781 3763 882 3826; x_wconf 78' lang='lat' dir='ltr'>notus</span> <span class='ocrx_word' id='word_1_205' title='bbox 915 3761 1071 3875; x_wconf 75' lang='lat' dir='ltr'>sipontus</span> <span class='ocrx_word' id='word_1_206' title='bbox 1104 3760 1189 3879; x_wconf 87' lang='lat' dir='ltr'>est,</span> <span class='ocrx_word' id='word_1_207' title='bbox 1206 3753 1224 3919; x_wconf 58' lang='grc' dir='ltr'>’ξ’</span> 
     </span>
    </p>
   </div>
   <div class='ocr_carea' id='block_1_5' title="bbox 0 0 1590 4528">
    <p class='ocr_par' dir='ltr' id='par_1_7' title="bbox 0 0 1590 4528">
     <span class='ocr_line' id='line_1_34' title="bbox 0 0 1590 4528; baseline 0 0"><span class='ocrx_word' id='word_1_208' title='bbox 0 0 1590 4528; x_wconf 95' lang='lat' dir='ltr'> </span> 
     </span>
    </p>
   </div>
  </div>
 </body>
</html>
