3070 4524
328 977 441 1042 mia
463 960 494 1039 ei
517 972 666 1058 patefecit
682 989 817 1050 arcana,
826 909 1016 1043 adiuturam
1032 960 1222 1055 perpetuo
1216 977 1237 1016 ’-

325 1055 534 1170 tf’promisit,
559 1076 651 1140 modo
672 1076 735 1139 et
727 1093 805 1159 lpse,
821 1075 906 1140 ultra
924 1074 1049 1159 plenam
1070 1071 1236 1190 99999999,

326 1170 351 1256 ξ.
354 1197 460 1252 rum
472 1163 682 1251 servantiam,
704 1178 820 1239 Matris
841 1175 997 1238 illibatam
1030 1173 1156 1255 origine
1189 1157 1226 1254 alf

325 1294 449 1366 pro
457 1270 582 1341 viribus
604 1293 639 1338 se
660 1276 867 1337 defensurum
893 1261 1109 1355 polliceretur.
1198 1264 1228 1353 l?

409 1375 577 1449 Quidni
590 1373 748 1439 dubiuml
765 1375 855 1448 Quod
872 1374 965 1444 firma
982 1373 1045 1446 ilde
1064 1387 1174 1453 sempe

325 1477 569 1550 crediderat,
581 1457 765 1538 constanter
779 1475 854 1557 pulo
851 1492 999 1546 essurum
1015 1478 1047 1536 et
1061 1465 1174 1535 strenu
1196 1519 1198 1526 ,
1214 1453 1239 1544 5'

323 1550 334 1692 ᾗ
361 1575 571 1660 evicturum,
586 1574 846 1666 quibuscumque
862 1575 1008 1641 adversis
1018 1575 1193 1658 superatis,

324 1693 358 1752 5
376 1669 476 1745 verbo
500 1682 563 1745 lleo
592 1682 710 1764 suique
739 1680 948 1744 dulcissimae
977 1679 1074 1742 Matri
1100 1673 1194 1756 dixit,

325 1777 416 1878 ‘ae
437 1800 545 1868 opere
557 1783 650 1866 plene
672 1781 855 1866 complevit.

319 1895 393 1990 9,·
404 1887 497 1974 9
503 1883 717 1977 Progressus
709 1901 741 1949 m
763 1882 947 1950 studiis.-
966 1885 1048 1947 Hinc
1069 1899 1196 1947 concre
1234 1915 1245 1946 .·

318 1974 383 2070 {J
377 1982 437 2052 rit
448 1969 497 2088 nt.
504 1973 615 2070 pluvia
637 1988 784 2050 doctrina
806 1985 888 2069 elue,
911 1985 981 2049 fluit
1001 1990 1036 2056 ut
1060 2002 1113 2048 ros
1119 1984 1196 2050 elo

316 2087 323 2178 ᾗ
356 2075 497 2181 quium
513 2087 603 2178 eius,
614 2090 670 2151 et'
662 2105 696 2152 tn
710 2086 858 2152 omnibus
880 2088 1023 2169 seipsum
1046 2087 1196 2169 praebuit

320 2203 325 2258 ὲ
377 2190 563 2271 exemplum
580 2169 739 2252 bonorum
759 2188 915 2271 operum:
930 2191 963 2251 in
986 2188 1171 2263 doctrina,
1162 2203 1214 2250 m
1247 2204 1248 2212 ¹

319 2302 353 2362 ζ’
374 2282 605 2372 integritate,
597 2307 630 2354 m
652 2288 826 2371 gravitate,
850 2288 1068 2374 provectiores
1101 2288 1195 2353 facile
1247 2289 1252 2356 j

317 2393 342 2460 Γ·
377 2408 547 2475 superans,
577 2375 828 2458 utiPraesules
858 2392 942 2456 facto
971 2391 1080 2456 testati
1110 2395 1223 2465 sunt·

371 2494 531 2577 cumane
548 2492 664 2557 aetatis
686 2511 806 2558 annum
824 2493 879 2556 vix
901 2494 1110 2574 attingentem
1133 2497 1197 2556 stu-

377 2593 489 2661 diosae
510 2593 735 2676 praeficientes
758 2593 933 2672 iuventuti,
950 2593 1002 2656 cui
1031 2593 1196 2675 politiores

378 2678 497 2776 primo
516 2694 654 2768 litteras,
686 2694 760 2756 dein
792 2694 1030 2777 philosophicas
1059 2690 1198 2775 discipli·

354 2799 451 2868 'narn
477 2768 741 2876 theologicosque
767 2799 838 2876 post
864 2799 953 2876 tanto
975 2812 1049 2858 cum
1081 2794 1220 2877 plausu.

337 2895 339 2902 ’
379 2892 581 2968 tradidit,'ut
611 2893 701 2979 breui
735 2895 830 2975 longe
862 2893 1065 2976 divulgatum
1099 2895 1197 2959 suerit

380 3011 496 3060 nomen
518 2995 598 3072 eius,
620 3013 659 3061 ac
673 2997 760 3061 omni
783 3014 823 3061 ex
839 2998 959 3078 angulo
975 3002 1138 3062 terrarum
1155 2998 1203 3061 ad·

378 3115 452 3164 eum
476 3099 674 3164 audiendum
689 3098 868 3188 doctissimi
884 3097 1006 3184 quique
1028 3087 1207 3165 turmatim¹

377 3201 583 3266 confluerent.
606 3203 681 3266 Nec·
694 3202 830 3266 mirum!
859 3209 940 3266 teste
969 3218 1108 3284 namque
1137 3203 1199 3266 cla·

361 3289 508 3366 ‘rissimo
520 3302 670 3366 Cornelio
685 3320 703 3366 a
720 3303 853 3387 Lapide,
869 3304 900 3366 iu
916 3302 1117 3392 expositione
1128 3312 1205 3387 cap:

378 3402 408 3467 74
439 3420 469 3468 v.
499 3404 558 3470 22:
589 3403 744 3484 Spiritus
774 3403 1033 3486 intellipenliae
1052 3404 1223 3480 subtilis,

381 3506 500 3568 «hunc
522 3504 712 3570 subtilitatis
733 3505 885 3588 spiritum
912 3507 955 3568 in.
974 3505 1198 3589 speculationi.

379 3605 439 3671 bus
460 3606 624 3691 Sapientia
640 3625 720 3691 prae
735 3606 807 3673 aliis
821 3606 1074 3673 communicavit
1089 3607 1199 3674 loanni

342 3773 344 3783 ,
379 3711 473 3774 scoto
489 3709 622 3774 Ordinis
637 3709 667 3774 S.
684 3709 857 3788 Francisci,
869 3711 926 3794 qui
941 3709 1033 3775 illum
1049 3715 1086 3775 ut
1101 3728 1197 3776 suum
