3166 4528
485 723 497 804 ,“
645 807 648 812 ,
709 773 749 786 -
773 719 834 801 108
857 770 917 799 -.

396 893 465 954 von,
486 875 606 958 quibus
627 872 787 958 dependet
804 875 885 952 post
905 890 940 938 so
954 873 1001 937 od
1022 871 1212 951 obliquum,

396 982 477 1062 quot
491 978 599 1053 babet,
614 975 732 1060 quibus
753 975 913 1060 dependet
928 978 1009 1040 onte
1022 992 1057 1040 se
1071 974 1118 1038 od
1136 991 1214 1053 sup·

392 1083 559 1162 positum,
581 1080 756 1146 seeundum
772 1078 1022 1147 similitudinum
1045 1094 1081 1142 se
1096 1076 1214 1142 beben·
1232 1103 1236 1111 ·

396 1191 455 1248 tes,
472 1183 565 1258 Quod
587 1188 685 1266 patet,
707 1183 786 1265 quie
801 1183 886 1247 sicut
901 1181 1049 1260 Verbum
1072 1198 1132 1263 per
1147 1196 1214 1244 mo·

370 1286 475 1350 'dum
505 1303 574 1350 esse
601 1283 738 1367 requirit
769 1283 900 1348 modum
923 1285 1010 1367 entis
1032 1283 1064 1345 in
1092 1287 1212 1364 suppo·

396 1385 470 1468 sito,
502 1386 550 1449 sio
580 1403 638 1468 per
664 1383 831 1470 eumdem
845 1383 978 1448 modum
1008 1399 1078 1448 esso
1107 1383 1240 1469 exigit

359 1517 364 1528 .
397 1487 530 1551 modum
552 1488 649 1551 entis*
669 1486 700 1549 in
716 1483 875 1567 obliquo:
893 1486 934 1548 Et
956 1485 1041 1549 siout
1064 1483 1211 1548 Verbum

394 1604 462 1667 per
473 1588 762 1669 ,compositionem
778 1586 882 1676 exigit
899 1603 978 1675 ρον,
989 1603 1024 1651 se
1040 1587 1163 1650 stantis
1179 1585 1212 1649 in

397 1690 577 1773 supposito,
598 1690 645 1754 sio
657 1706 727 1773 per
741 1688 1037 1771 significationem
1058 1687 1212 1754 occiden-

398 1789 499 1857 nom
510 1793 613 1879 exigit
623 1781 756 1881 modum
764 1808 833 1871 per
843 1809 878 1856 se
889 1793 1011 1856 stantis
1023 1791 1055 1853 in
1067 1789 1211 1872 obliquo.

410 1967 412 1972 ¹
481 1895 582 1968 Item„
595 1893 680 1958 siout
691 1892 840 1957 Verbum
857 1910 916 1978 per
938 1893 1071 1956 modum
1085 1890 1214 1976 dietam

398 1995 440 2056 tis
461 1993 565 2072 exigit
587 1994 719 2058 modum
742 2012 810 2073 per
839 2011 875 2058 so
900 1995 1023 2057 stantis
1054 2009 1115 2074 pro
1137 2008 1214 2073 sup·

397 2095 513 2178 posito,
535 2094 589 2175 ite¹
604 2111 668 2177 per·
683 2093 832 2159 eumdem
858 2095 988 2159 modum
1011 2111 1081 2158 osse
1109 2093 1213 2174 exigit

397 2195 529 2260 modum
551 2197 638 2261 entis
668 2196 701 2259 in
721 2196 865 2280 obliquo.
897 2197 938 2262 Et
960 2197 1051 2290 siout
1067 2193 1213 2260 Verbum

398 2316 459 2383 per
492 2298 623 2363 modum
656 2300 913 2380 compositionis
945 2299 1051 2382 exigit
1080 2298 1213 2363 modum

396 2403 482 2466 ontis
501 2417 570 2480 per
598 2418 633 2465 so
655 2404 776 2466 stantis
799 2402 833 2464 in
856 2401 981 2466 ratione
1003 2400 1153 2485 principii
1180 2398 1213 2464 in

396 2504 574 2584 supposito,
589 2501 636 2566 sio
650 2521 710 2584 per
725 2504 856 2568 modum
879 2507 1017 2584 generis
1032 2506 1135 2584 exigit
1152 2521 1214 2567 mo·

395 2601 584 2666 dumentis
602 2620 670 2681 per
685 2620 720 2667 so
742 2606 864 2668 stantis
891 2605 925 2666 in
942 2605 1066 2668 ratione
1083 2605 1212 2667 termini

396 2701 428 2764 in
440 2700 582 2784 oblique.
595 2704 684 2777 Item,
696 2702 779 2767 siout
788 2703 932 2768 Verbum
946 2721 1006 2786 per
1018 2705 1131 2769 modos
1143 2721 1215 2785 pro·

396 2801 595 2885 portionales
616 2804 747 2867 ensibus
770 2802 866 2867 modo
888 2805 991 2868 Verbi
1022 2803 1215 2887 superaddi·

397 2905 458 2980 tos,
479 2903 581 2985 exigit
603 2901 635 2968 in
658 2905 828 2987 supposito
858 2905 1017 2970 rationem
1048 2903 1213 2990 principii,

397 3002 493 3068 aliter
525 3008 558 3069 et
591 3005 687 3069 aliter
718 3007 936 3084 coniunctam,
967 3013 999 3071 et
1031 3024 1074 3072 ex
1103 3024 1215 3072 conse-

396 3106 507 3187 quenti
531 3107 621 3192 ntiud
642 3113 675 3172 et
697 3107 787 3172 eliud
802 3110 1028 3195 suppositum
1044 3111 1092 3174 sio
1114 3112 1213 3174 etiem

357 3251 360 3258 ·
397 3207 627 3291 Verbum‘per
649 3209 760 3284 modos
790 3210 1053 3292 proportionales
1082 3213 1214 3277 casibus

397 3308 510 3388 generi
532 3308 635 3371 Verbi
658 3309 887 3390 superadditos
908 3311 1012 3391 exigit
1027 3313 1060 3374 in
1083 3310 1214 3394 obliquo

398 3408 557 3472 rationem
574 3411 716 3486 termini,
731 3409 827 3474 aliter
839 3418 871 3476 et
887 3412 983 3477 aliter
997 3412 1214 3489 coniunctam,

396 3515 429 3574 et
450 3526 492 3574 ex
513 3512 723 3594 consequenti
746 3512 847 3578 atium
861 3519 894 3578 et
908 3512 1009 3580 etium
1032 3514 1224 3597 obliquum

481 3613 664 3679 Notandum
686 3632 778 3699 ergo,
800 3618 887 3700 quod
918 3615 1004 3682 inter
1033 3617 1148 3682 modos
1169 3616 1213 3682 si-

394 3714 571 3797 gnificandi
593 3717 704 3797 Verbi,
737 3720 857 3803 quibus
889 3720 1051 3804 dependet
1071 3723 1152 3786 ante
1177 3737 1212 3785 so
