3166 4528
470 767 472 778 ⁴
606 765 796 836 -115'-
888 745 929 814 τ’
1008 745 1060 824 '.

293 908 350 972 dat
369 905 552 989 intelligere
569 908 700 972 modum
720 910 924 986 communis,
938 913 971 974 et
984 925 1111 991 appro-

290 1011 405 1091 priata·
416 1008 478 1092 (1);
491 1027 550 1092 per
566 1009 766 1091 qualitatem
776 999 1039 1090 'inPronomina
1054 1013 1110 1077 de-

294 1110 558 1178 monstrationem
581 1115 614 1178 et
635 1110 825 1178 relationem
839 1111 911 1198 (2),
922 1130 982 1197 per
1004 1113 1111 1195 quali·

295 1219 397 1282 ulem
418 1215 452 1280 in
473 1216 593 1292 Verbo,
615 1218 745 1281 modum
768 1220 801 1281 et
823 1215 963 1281 sormam
976 1215 1037 1301 (3);
1063 1215 1110 1283 sie

292 1336 351 1402 per
371 1318 658 1401 siqnifioatiouem
680 1319 713 1382 in
735 1316 910 1398 Aduerbio,
924 1317 981 1384 dat
996 1318 1111 1385 intelli·

291 1439 369 1504 gere
389 1422 470 1486 duos
489 1422 601 1486 modos
622 1419 809 1486 essentiales
823 1420 1029 1487 subalternus
1044 1439 1111 1488 mo-

292 1523 404 1590 diatos.

375 1627 447 1691 152.
468 1618 657 1710 Signidoetio
678 1622 796 1711 duplex.
811 1662 854 1674 -
869 1627 910 1691 Et
930 1627 1109 1692 noandum

292 1734 350 1808 est,
371 1729 457 1812 quod
483 1728 604 1812 duplex
625 1733 675 1793 est
697 1731 928 1812 siqaifioutio:
950 1747 1017 1794 una
1043 1747 1109 1813 qua

291 1847 355 1895 vox
376 1831 519 1895 refertur
540 1831 583 1895 ad
605 1848 688 1906 esse,
709 1836 743 1895 et
764 1848 825 1914 per
846 1848 947 1913 quam
962 1848 1027 1895 vox
1043 1831 1109 1897 lor·

292 1929 420 1995 maliter
442 1932 480 1994 fit
500 1932 618 2005 dictio,
646 1935 682 1994 ut
712 1931 806 2012 prius
831 1931 955 1995 dietum
982 1936 1048 2014 θεὶς
1077 1937 1110 1996 et

292 2031 351 2094 boo
372 2035 422 2095 ost
444 2030 616 2095 essentiale
637 2029 770 2095 cuilibet
791 2031 888 2114 parti.
912 2033 993 2094 Nam
1010 2049 1110 2114 quao-

292 2130 369 2194 libet
390 2149 468 2213 pars
489 2130 645 2195 orationis
667 2136 831 2212 aggregat
851 2131 886 2194 in
908 2149 943 2195 se
959 2133 1035 2209 tria,
1050 2129 1108 2195 sei·

292 2229 380 2294 lieet:
394 2246 523 2306 vocent,
538 2231 840 2312 siquifieatiouem,
856 2237 888 2295 et
906 2231 1049 2295 modum
1071 2230 1111 2294 si·

269 2395 275 2426 Α,
292 2329 476 2414 gnifloandi.
499 2330 573 2397 Alia
599 2336 650 2397 est
676 2323 883 2415 significatio,
910 2349 997 2416 quae
1022 2331 1110 2398 idom

272 2435 460 2519 estquod
481 2436 602 2500 modus
625 2435 868 2518 oleumcum&
894 2435 927 2500 et
953 2436 1034 2501 haee
1060 2440 1110 2500 est

268 2532 357 2604 'alia
379 2536 412 2603 in
433 2538 608 2617 Aduerbio,
629 2538 695 2604 alia
717 2538 752 2603 in
773 2537 960 2624 Pautioipio,
986 2542 1019 2604 et
1046 2537 1125 2624 alia,

292 2639 326 2706 in
347 2642 583 2740 Inteuieotione
605 2641 661 2726 qui
686 2640 1002 2738 modisignittoandi
1024 2646 1111 2707 sunt.

273 2775 276 2786 ·
294 2745 374 2819 Quis
396 2750 506 2810 autem
530 2746 645 2810 modus
667 2746 710 2810 sit
731 2746 939 2828 siuntfieatio
958 2742 992 2807 in
1007 2744 1112 2809 Parti·

258 2860 261 2868 ·
291 2846 385 2930 cipio,
407 2852 440 2912 et
461 2846 696 2925 interiectione,
718 2852 831 2929 postea
853 2844 987 2930 patebit
1106 2851 1109 2861 '

381 2950 453 3015 153.
469 2944 612 3016 Aduerbii
627 2941 819 3033 signlboetio.
836 2983 877 2996 -·
892 2949 1109 3031 Siquifieatio
1134 2913 1139 2924 ’
1180 2969 1188 2982 ·

292 3055 331 3117 in
352 3053 541 3129 Aduerbio,
564 3056 601 3116 ut
622 3052 745 3116 dietum
768 3055 829 3128 ost,
851 3056 901 3116 est
921 3051 1043 3119 modus
1065 3054 1112 3118 si·

292 3155 495 3239 uaifioaudi,
518 3172 583 3237 qao
613 3154 787 3219 mediante
810 3153 1027 3219 Aduerdium
1054 3173 1111 3220 re·

290 3261 491 3339 praesentat
502 3257 684 3337 specialem
695 3256 836 3320 modum
851 3257 1112 3321 determinanda·
1166 3327 1169 3336 ,

300 3360 462 3435 Verbum,
484 3358 538 3423 uel
559 3359 810 3437 Parttcipium,
833 3347 898 3421 aut
914 3360 1053 3421 ratione
1067 3361 1113 3420 si-

302 3573 303 3576 *
363 3609 580 3675 (nummos.

303 3699 305 3704 ·
363 3697 400 3762 (e)
419 3697 518 3749 uun.
538 3697 595 3747 soe.

363 3782 400 3850 (3)
420 3783 520 3835 vu.n.
543 3783 600 3833 too.
709 3855 711 3862 y

1497 1501 1571 1754 Ξ

1499 1811 1548 2036 Ξ

1500 2149 1539 2396 Ξ

1498 2825 1501 2852 —
1499 2774 1501 2783 “
1499 2519 1520 2687 'Q‘
